1482 2368
103 581 141 611 41

104 859 145 888 42

106 1553 146 1582 43

370 196 558 234 PLINY:
608 195 870 233 NATURAL
905 195 1139 233 HISTORY

172 303 228 336 ita
246 301 285 335 in
305 312 346 335 se
366 298 476 335 flexis
496 304 539 335 ut
559 311 636 334 non
655 300 733 334 sint
753 297 866 333 utilia
884 309 1066 346 pugnae3
1099 302 1341 347 quapropter

172 368 267 418 fuga
289 369 359 404 sibi
385 367 563 404 auxiliari
588 367 823 403 reddentem
848 369 886 402 in
911 379 957 403 ea
982 366 1117 402 fimum
1141 366 1340 404 interdum

172 445 213 475 et
244 441 365 474 trium
396 440 577 487 iugerum
609 436 872 486 longitudine,
904 439 1013 473 cuius
1044 441 1251 473 contactus
1282 449 1341 473 se·

171 513 340 556 quentcs
359 513 403 543 ut
421 509 520 556 ignis
539 506 678 555 aliquis
698 506 894 542 amburat.

221 576 351 613 XVII.
382 577 530 613 Mirum
553 575 708 625 pardos,
730 574 960 624 pantheras,
982 574 1116 611 leones
1139 580 1181 611 et
1202 574 1343 611 similia

171 645 331 681 condito
364 648 402 681 in
434 648 605 694 corporis
638 647 801 694 vaginas
835 647 1027 694 unguium
1060 657 1261 688 mucrone,
1292 656 1342 680 ne

172 714 440 764 refringantur
452 714 759 757 hebetenturve‚
772 713 938 763 ingredi,
952 716 1177 763 aversisque
1190 712 1343 750 falculis

171 797 328 820 currere
348 797 420 820 nec
440 786 512 820 nisi
532 786 570 819 in
590 783 818 832 adpetendo
838 783 1089 832 protendere.

225 853 346 890 Leoni
377 856 588 902 praecipua
617 856 863 903 generositas
891 853 1008 889 tum1
1037 866 1127 889 cum
1155 852 1257 889 colla
1284 866 1343 889 ar—

173 936 336 972 mosque
370 926 545 959 vestiunt
579 923 718 965 iubae3
765 922 805 959 id
838 925 943 959 enim
977 928 1114 959 aetate
1146 925 1343 972 contingit

174 1005 195 1028 e
211 991 325 1028 leone
342 995 557 1041 conceptis,
575 1005 671 1041 quos
689 1005 781 1028 vero
798 991 909 1040 pardi
927 1004 1170 1041 generavere
1187 1005 1344 1041 semper

172 1063 313 1110 insigni
347 1060 420 1097 hoc
453 1067 613 1104 carent;
660 1061 774 1097 simili
809 1061 925 1097 modo
958 1060 1143 1098 feminae.
1199 1074 1344 1112 magna

173 1129 231 1166 his
254 1130 374 1166 libido
396 1133 522 1167 coitus
546 1136 587 1167 et
609 1130 659 1166 ob
682 1129 754 1166 hoc
777 1130 950 1166 maribus
973 1133 1053 1174 ira3
1090 1130 1225 1167 Africa
1246 1130 1344 1168 haec

173 1202 346 1236 maxime
377 1205 534 1248 spectat
565 1202 697 1248 inopia
728 1212 920 1249 aquarum
951 1199 1001 1236 ad
1032 1213 1177 1249 paucos
1208 1213 1344 1237 amnes

171 1269 506 1319 congregantibus
535 1282 577 1305 se
611 1268 715 1306 feris.
771 1269 860 1306 ideo
891 1268 1153 1306 multiformes
1181 1269 1234 1306 ibi
1264 1271 1346 1306 ani-

173 1338 335 1375 malium
359 1344 495 1388 partus
520 1341 624 1375 varie
647 1338 803 1375 feminis
825 1341 1015 1388 cuiusque
1037 1341 1194 1388 generis
1216 1352 1344 1376 mares

173 1414 243 1444 aut
263 1410 299 1444 vi
320 1414 389 1444 aut
410 1407 617 1457 voluptate
647 1411 851 1444 miscente.
907 1407 1013 1444 unde
1039 1410 1162 1444 etiam
1182 1408 1344 1458 vulgare

175 1477 367 1514 Graeciae
385 1477 535 1514 dictum
552 1490 709 1526 semper
721 1477 868 1527 aliquid
883 1480 971 1514 novi
985 1476 1161 1514 Africam
1175 1477 1342 1514 adferre.

174 1546 293 1583 odore
317 1547 428 1596 pardi
452 1550 599 1583 coitum
625 1550 746 1583 sentit
771 1550 810 1582 in
834 1546 1016 1583 adultera
1040 1547 1100 1583 leo
1119 1553 1287 1598 totaque
1307 1549 1343 1584 vi

173 1619 373 1666 consurgit
383 1619 421 1652 in
431 1629 600 1665 poenam
615 1628 624 1659 ;
647 1616 790 1652 idcirco
799 1629 845 1652 ea
859 1615 974 1665 culpa
982 1615 1143 1653 flumine
1157 1616 1343 1661 abluitur,

173 1691 243 1722 aut
278 1685 432 1735 longius
469 1688 693 1722 comitatur.
750 1685 874 1722 semel
910 1691 1045 1722 autem
1084 1685 1146 1722 edi
1184 1692 1343 1736 partum

172 1754 347 1791 lacerato
355 1758 546 1805 unguium
556 1758 638 1792 acie
647 1761 762 1792 utero
775 1758 814 1791 in
828 1758 946 1792 enixu
960 1755 1119 1805 volgum
1131 1755 1343 1793 credidisse

530 1857 543 1877 ¹
565 1860 665 1889 tum?
684 1858 839 1898 Maylwsf
850 1870 856 1889 :
881 1862 974 1889 tunc.

217 1984 230 1998 ¹²
253 1977 323 2007 The
341 1977 467 2017 specics
485 1987 520 2007 so
538 1976 645 2007 called
664 1978 689 2006 is
708 1976 811 2017 really
829 1987 847 2006 a
866 1976 956 2016 large
973 1976 1096 2007 Indian
1113 1976 1262 2019 leopard.

217 2018 228 2038 ⁶
254 2019 324 2050 Ἀεὶ
340 2019 444 2060 Λιβύη
461 2019 549 2060 φέρει
565 2033 594 2050 τι
613 2020 731 2056 καινόν,
749 2019 921 2057 Aristotle,
940 2020 1030 2051 Hisl.
1046 2020 1127 2057 An„
1143 2021 1223 2052 606b
1240 2022 1290 2053 20.

171 2101 214 2136 32
