1482 2312
435 129 601 168 PLINY
616 145 624 168 :
676 132 938 169 NATURAL
974 133 1213 170 HISTORY

239 238 452 283 coarguat:
508 239 667 271 ceterae
710 234 911 271 dormiunt
952 237 1084 285 capite
1126 237 1264 273 subter
1305 235 1408 273 alam

239 297 399 333 condito
440 296 602 334 alternis
640 297 808 347 pedibus
847 300 1099 342 insistentes3
1153 299 1233 336 dux
1275 305 1410 337 erecto

174 366 215 396 60
240 360 422 410 providet
448 360 546 397 collo
572 374 616 398 ac
642 362 847 411 praedicit.
903 362 1085 411 (eaedem
1112 362 1410 401 mansuefactae

173 1134 211 1164 61

240 423 460 468 lascin'unt,
502 438 701 475 gyrosque
752 425 944 476 quosdam
992 429 1031 462 in
1074 426 1233 464 decorol
1295 441 1410 464 cursu

239 488 302 524 vel
329 488 509 538 singulae
537 490 783 539 peragunt.²)
812 496 966 526 certum
995 496 1055 527 est
1085 489 1257 527 Pontum
1284 497 1411 529 trans-

240 551 438 588 volaturas
474 555 644 602 primum
681 556 856 590 omnium
892 557 1095 604 angustias
1130 561 1270 605 petere
1306 558 1411 593 inter

240 615 318 652 duo
349 620 624 666 promunturia
657 617 941 668 Criumetopon
973 624 1015 655 et
1047 618 1287 663 Carambim,
1317 633 1410 656 mox

239 681 401 716 saburra
441 680 627 724 stabiliri3
682 695 771 718 cum
812 681 988 718 medium
1028 685 1271 727 transierint,
1311 684 1410 720 abici

239 743 390 794 lapillos
418 757 439 781 e
467 745 649 795 pedibus,
671 759 761 782 cum
782 749 992 796 attigerint
1013 749 1301 792 continentem,
1323 753 1365 784 et
1387 760 1408 784 e

239 814 403 858 gutture
438 808 639 846 harenam.
696 809 898 846 Cornelius
934 810 1081 861 Nepos,
1115 813 1180 861 quj
1215 811 1293 848 divi
1328 812 1409 848 Au-

238 875 345 922 gusti
377 875 602 923 principatu
635 874 746 917 obiit,
778 887 868 910 cum
900 875 1091 911 scriberet
1123 875 1259 912 turdos
1292 875 1410 925 paulo

239 942 333 973 ante
356 943 517 986 coeptos
541 940 725 987 saginari,
749 937 902 974 addidit
921 941 1088 975 ciconias
1109 941 1234 989 magis
1253 939 1410 990 placere

239 1013 359 1050 quam
376 1014 507 1050 grues,
524 1014 614 1038 cum
630 1001 728 1038 haec
746 1015 848 1038 nunc
866 1002 946 1039 ales
963 1004 1067 1039 inter
1082 1005 1228 1053 primas
1246 1009 1409 1054 expeta-

239 1070 318 1109 tur,
334 1064 441 1101 illam
458 1078 575 1102 nemo
592 1066 687 1102 velit
705 1068 897 1116 attigisse.

290 1128 439 1165 XXXI.
470 1129 653 1166 Ciconiae
683 1143 854 1180 quonam
883 1144 904 1167 e
934 1130 1017 1168 loco
1045 1135 1206 1168 veniant
1234 1138 1304 1169 aut
1332 1145 1410 1182 quo

239 1205 281 1229 se
319 1193 495 1230 referant
533 1196 824 1244 incompertum
855 1194 983 1232 adhuc
1013 1201 1085 1232 est.
1142 1208 1163 1233 e
1192 1195 1409 1246 longinquo

239 1259 372 1294 venire
407 1271 486 1294 non
520 1257 685 1294 dubium
720 1258 862 1295 eodem
897 1272 975 1308 quo
1008 1272 1125 1309 grues
1160 1259 1291 1304 modo,
1324 1260 1408 1297 illas

238 1319 393 1365 hiemis,
410 1320 480 1358 has
498 1324 662 1358 aestatis
680 1322 863 1359 advenas.
920 1324 1100 1360 abiturae
1118 1329 1410 1374 congregantur

237 1387 278 1421 in
302 1384 387 1422 loca
410 1391 533 1429 certa,
557 1388 854 1436 comitataeque
878 1389 933 1423 sic
958 1393 1002 1424 ut
1028 1387 1134 1424 nulla
1164 1390 1321 1437 generis
1351 1390 1408 1425 sui

238 1448 485 1499 relinquatur
508 1450 597 1498 (nisi
620 1452 778 1500 captiva
798 1456 840 1487 et
860 1452 987 1501 serva)
1009 1464 1081 1488 ceu
1101 1451 1190 1501 lege
1206 1451 1411 1502 praedicta

238 1512 303 1549 dje
347 1513 552 1550 recedunt.
607 1527 725 1551 nemo
770 1514 868 1551 vidit
914 1528 1059 1565 agmen
1104 1515 1409 1560 discedentium,

238 1589 328 1614 cum
358 1577 622 1615 discessurum
653 1585 858 1629 appareat,
889 1592 962 1616 nec
992 1582 1126 1616 venire
1157 1579 1227 1616 sed
1256 1582 1408 1617 venisse

238 1644 457 1685 cernimus3
506 1648 721 1693 utrumque
756 1646 957 1680 nocturnis
993 1643 1037 1680 fit
1072 1644 1332 1694 temporibus,
1367 1649 1409 1682 et

309 1761 319 1779 ¹
344 1761 500 1792 indecoro
520 1762 600 1798 edd„
622 1761 755 1799 (haud)
776 1763 956 1793 indecoro?
982 1763 1147 1802 Mayhoff.

306 1802 319 1821 ²
342 1803 480 1834 eaedem
505 1827 512 1834 .
539 1827 546 1834 .
573 1827 580 1834 .
604 1809 770 1844 peragunt
789 1804 875 1845 infra
892 1809 964 1844 post
979 1805 1133 1845 attigisse
1149 1809 1187 1836 tr.
1209 1804 1347 1836 Urlichs.

343 1942 357 1956 ‘³
379 1938 459 1969 This
475 1943 635 1969 sentence
649 1949 756 1970 seems
773 1943 809 1970 to
825 1939 945 1979 belong
961 1944 998 1970 to
1012 1939 1072 1970 the
1087 1939 1153 1971 end
1170 1939 1208 1971 of
1220 1941 1235 1979 ξ
1251 1941 1301 1972 60.

307 2026 310 2027 ⁷
339 1980 350 1999 ⁶
374 1981 420 2012 At
437 1981 495 2012 the
511 1981 576 2012 end
591 1981 631 2028 of
644 1981 702 2012 the
718 1981 838 2029 Tauric
856 1982 1070 2014 Chersonese.

235 2061 306 2099 330
