1482 2312
140 478 199 509 107

144 1035 203 1065 108

144 1523 204 1552 109

422 160 587 198 PLINY
603 174 612 198 ε
664 161 698 198 N
702 162 811 199 ATU
818 162 926 198 RAL
964 162 1201 200 HISTORY

224 276 336 301 verso
368 263 503 300 volatu
535 270 787 301 occurrentes
820 278 956 301 earum
989 267 1124 301 exitio.
1181 278 1323 302 necare
1355 270 1398 302 et

224 335 264 370 in
278 333 391 384 Syria
405 333 564 370 militari
579 335 745 384 imperio
760 340 967 384 coguntur.
1023 340 1085 371 tot
1100 335 1203 371 orbis
1218 335 1398 385 partibus

226 409 393 453 vagatur
413 403 453 439 id
475 403 646 446 malum3
682 402 838 440 Parthis
861 410 903 440 et
924 403 999 440 hae
1022 406 1062 439 in
1082 405 1170 440 cibo
1191 410 1343 454 gratae.

275 472 360 509 Vox
389 485 525 509 earum
545 472 736 522 proficisci
757 474 808 509 ab
828 475 1012 523 occipitio
1031 473 1210 516 videtur;
1245 486 1293 510 eo
1312 473 1397 510 loco

227 544 264 578 in
309 545 565 578 commissura
609 542 858 592 scapularum
904 542 1052 579 habere
1099 545 1209 593 quasi
1255 542 1398 580 dentes

226 614 505 648 existimantur
519 625 666 662 eosque
681 614 785 648 inter
799 625 840 649 se
855 612 1024 649 terendo
1038 612 1248 649 stridorem
1264 612 1397 656 edere,

225 683 327 717 circa
359 681 437 718 duo
475 684 648 718 maxime
679 684 944 732 aequinoctia,
973 684 1075 719 sicut
1106 682 1266 718 cicadae
1297 684 1399 718 circa

227 750 450 787 solstitium.
522 753 648 788 coitus
690 751 930 788 locustarum
973 754 1039 801 qui
1078 757 1120 788 et
1158 754 1398 788 insectorum

226 823 403 856 omnium
433 834 536 870 quae
565 826 724 865 coeunt,
753 834 904 857 marem
938 826 1125 871 portante
1160 820 1322 865 femina,
1360 823 1399 857 in

227 890 348 927 eum1
389 890 543 927 ultumo
583 890 734 927 caudae
781 890 928 927 reflexo
969 891 1165 941 tardoque
1206 891 1397 941 digressu.

228 962 398 996 minores
419 966 555 997 autern
577 962 618 996 in
640 963 745 996 omni
768 959 842 997 hoc
864 973 1012 1011 genere
1036 959 1192 997 feminis
1215 973 1355 997 mares.

278 1029 462 1067 XXXVI.
494 1028 668 1066 Plurima
716 1032 959 1067 insectorum
1009 1029 1266 1067 vermiculum
1315 1033 1398 1080 gig-

229 1106 350 1142 nunt3
393 1113 484 1136 nam
514 1106 556 1136 et
583 1099 771 1136 formicae
801 1099 969 1136 similem
996 1102 1078 1136 ovis
1105 1100 1228 1143 vere,2
1256 1105 1298 1137 et
1324 1099 1399 1136 hae

227 1172 565 1206 communicantes
601 1169 776 1206 laborem
809 1175 854 1206 ut
886 1182 994 1219 apes,
1026 1169 1096 1206 sed
1126 1169 1216 1206 illae
1249 1168 1400 1206 faciunt

227 1240 348 1282 cibos,
391 1238 466 1276 hae
510 1239 698 1276 condunt.
755 1252 799 1275 ac
842 1241 872 1275 si
917 1241 1003 1289 quis
1046 1245 1237 1289 conparet
1281 1251 1401 1275 onera

228 1309 456 1358 corporibus
478 1322 628 1353 earum,
649 1308 826 1346 fateatur
846 1308 960 1345 nullis
981 1311 1163 1359 portione
1187 1311 1287 1345 vires
1315 1321 1401 1345 esse

228 1380 407 1415 maiores.
443 1384 589 1428 gerunt
606 1391 653 1414 ea
669 1392 801 1415 morsu
815 1391 823 1421 ;
854 1380 1003 1414 maiora
1016 1390 1178 1415 aversae
1191 1380 1401 1428 postremis

228 1447 396 1497 pedibus
425 1447 641 1484 moliuntur
670 1450 816 1484 umeris
845 1448 1027 1484 obnixae.
1084 1453 1125 1484 ct
1158 1446 1217 1484 his
1246 1448 1400 1497 reipub-

230 1516 328 1553 licae
371 1519 486 1560 ratio,
517 1519 722 1559 memoria,
765 1530 869 1553 cura.
936 1519 1088 1553 semina
1130 1516 1270 1553 adrosa
1312 1530 1399 1553 con-

229 1586 330 1622 dunt
362 1599 412 1623 ne
445 1600 576 1623 rursus
608 1589 647 1622 in
679 1586 835 1636 frugem
868 1592 1016 1623 exeant
1048 1599 1070 1623 e
1101 1592 1222 1630 terra,
1254 1588 1403 1622 maiora

229 1655 279 1692 ad
311 1658 518 1692 introitum
551 1655 747 1699 diw'dunt,
780 1655 1007 1692 madefacta
1037 1656 1163 1692 imbre
1196 1654 1402 1705 proferunt

231 1731 352 1774 atque
399 1727 559 1761 siccant.
616 1731 832 1774 operantur
878 1730 920 1761 et
966 1730 1086 1761 noctu
1133 1724 1251 1775 plena
1296 1723 1402 1768 luna,

288 1827 299 1846 ¹
321 1827 489 1858 Racltham
505 1840 512 1858 ε
536 1837 615 1858 eum
630 1827 849 1858 feminarum.

285 1870 297 1888 ²
319 1870 489 1902 Lacunam
498 1870 639 1910 fortasse
655 1881 744 1907 vere,
763 1869 957 1908 <mirabiles
973 1872 1094 1911 opere>
1111 1874 1146 1901 et
1164 1869 1326 1910 Mayhoff.

271 1988 285 2002 α
309 1984 338 2014 Α
364 1983 527 2025 probable
551 1984 747 2024 suggestion
770 1984 892 2015 inserts
916 1983 1025 2015 words
1049 1983 1165 2024 giving
1191 1982 1319 2014 ‘These
1344 1986 1403 2014 too

226 2037 282 2057 are
301 2026 513 2057 remarkable
534 2026 689 2061 wmkers,
712 2026 915 2059 sharino-a’

229 2089 299 2134 498
