1482 2312
177 422 219 452 43

177 715 220 745 44

179 1184 220 1213 45

180 1532 221 1562 46

446 136 613 175 PLINY
627 150 635 174 :
685 136 948 174 NATURAL
983 136 1218 175 HISTORY

244 253 312 277 um
325 241 498 277 retinere
512 239 677 276 tradunt
691 252 929 290 semperque
944 245 1058 276 aestu
1072 242 1190 277 maris
1203 240 1416 280 recedente

244 298 536 341 inhorrescere3
570 304 782 348 praeterea
803 298 971 334 dextrae
993 311 1150 348 pennae
1172 301 1251 336 vim
1271 303 1417 350 sopori-

245 356 370 393 feram
388 359 515 393 inesse
534 369 771 406 somnosque
789 356 946 393 allicere
964 356 1165 393 subditam
1182 359 1315 407 capiti.

298 413 379 451 Pilo
408 417 629 451 carentium
659 414 738 451 duo
768 416 927 451 omnino
957 414 1103 451 animal
1132 418 1307 465 pariunt,
1337 416 1417 453 del-

244 473 387 524 phinus
411 487 455 510 ac
478 476 623 523 vipera.

298 532 406 568 XVI.
437 531 607 568 Piscium
634 534 785 582 species
813 537 906 568 sunt
937 545 1048 570 LXXIV
1085 539 1246 582 praeter
1278 536 1418 571 crustis

245 592 415 627 intectas
435 590 447 613 ¹
478 603 581 640 quae
610 596 703 627 sunt
734 603 806 627 xxx
835 590 885 627 de
915 590 1078 640 singulis
1107 590 1201 628 alias
1229 591 1419 637 dicemus,

245 662 348 685 nunc
369 651 473 685 enim
494 654 660 685 naturae
681 654 905 686 tractantur
924 651 1148 699 insignium.

297 707 426 744 XVII.
457 705 675 757 Praecipua
697 707 975 758 magnitudine
998 707 1164 758 thynni3
1199 711 1419 746 invenimus

246 765 400 802 talenta
428 779 476 803 xv
502 765 755 816 pependisse,
779 765 958 803 eiusdem
986 767 1137 804 caudae
1165 766 1419 805 latitudinem

246 824 324 862 duo
360 825 496 861 cubita
537 830 579 861 et
620 823 809 874 palmum.
877 825 976 862 fiunt
1019 830 1061 862 et
1104 827 1144 862 in
1184 826 1419 875 quibusdam

246 884 426 920 amnibus
445 882 543 919 haut
561 885 746 926 minores,
765 882 906 920 silurus
924 885 965 919 in
985 883 1088 927 Nilo,
1107 885 1189 920 isox
1209 886 1248 920 in
1267 884 1419 929 Rheno,

246 941 382 978 attilus
399 944 438 977 in
455 940 563 978 Pado
578 943 723 978 inertia
737 944 1003 992 pinguescens
1020 942 1070 979 ad
1086 942 1192 979 mille
1209 942 1420 993 aliquando

245 1000 377 1044 libras,
409 1005 596 1037 catenato
628 1006 768 1050 captus
801 999 919 1037 hamo
954 1013 1028 1037 nec
1061 1003 1133 1038 nisi
1166 1002 1287 1038 boum
1319 1004 1420 1052 iugis

247 1064 462 1095 extractus.
518 1064 639 1108 atque
671 1058 774 1096 hunc
806 1061 992 1096 minimus
1025 1059 1249 1110 appellatus
1280 1059 1420 1111 clupea

246 1130 388 1154 venam
407 1117 607 1167 quandam
625 1119 707 1154 eius
725 1119 764 1153 in
783 1116 963 1154 faucibus
982 1120 1082 1154 mira
1098 1118 1282 1169 cupidine
1300 1132 1420 1169 appe-

246 1181 335 1212 tens
358 1189 489 1212 morsu
512 1177 727 1212 exanimat.
783 1175 923 1213 silurus
951 1182 1154 1226 grassatur
1180 1177 1419 1227 ubicumque

246 1240 308 1271 est
335 1247 451 1271 omne
480 1233 624 1270 animal
652 1240 861 1284 appetens,
890 1247 1013 1284 equos
1042 1237 1271 1272 innatantes
1299 1249 1419 1286 saepe

247 1292 496 1343 demergens.
552 1295 764 1343 praecipue
791 1295 831 1328 in
860 1292 1009 1330 Moeno
1036 1293 1276 1331 Germaniae
1303 1307 1419 1332 amne

247 1351 410 1401 protelis
453 1352 573 1388 boum
617 1357 659 1388 et
701 1353 741 1387 in
785 1352 970 1388 Danuvio
1012 1354 1151 1389 marris
1195 1352 1419 1390 extrahitur

247 1409 407 1459 porculo
432 1412 584 1446 marino
609 1409 850 1453 simillimus;
891 1416 933 1447 et
957 1412 998 1446 in
1023 1409 1271 1461 Borysthene
1295 1425 1418 1449 mem-

248 1474 382 1505 oratur
412 1471 626 1518 praecipua
655 1468 891 1518 magnitudo
918 1468 1032 1506 nullis
1065 1470 1216 1507 ossibus
1249 1472 1418 1520 spinisve

246 1528 451 1570 intersitis,
470 1539 587 1563 carne
606 1526 820 1577 praedulci.
876 1530 916 1563 in
945 1527 1086 1578 Gange
1108 1527 1245 1565 Indiae
1265 1528 1418 1578 platan-

245 1586 341 1621 istas
370 1590 513 1621 vocant
541 1591 667 1621 rostro
695 1584 872 1635 delphini
902 1591 944 1622 et
971 1586 1112 1630 cauda,
1141 1587 1417 1637 magnitudine

247 1648 383 1680 autem
430 1646 492 1681 ΧΠ·
537 1644 773 1680 cubitorum.
831 1646 871 1680 in
927 1644 1069 1681 eodem
1126 1658 1211 1682 esse
1266 1644 1417 1683 Statius

246 1699 416 1738 Sebosus
432 1700 530 1738 haut
546 1701 701 1738 modico
717 1701 905 1739 miraculo
922 1701 1036 1739 affert
1053 1715 1205 1740 vermes
1221 1701 1417 1741 branchiis

643 1788 655 1807 1
678 1787 868 1818 Rackham:
893 1787 1032 1819 intecta.

294 1899 309 1914 ⁰
331 1895 402 1926 The
422 1895 541 1926 catfish
560 1895 630 1926 also
649 1906 764 1927 occurs
784 1896 816 1926 in
836 1896 981 1936 Europe,
1001 1896 1110 1928 where
1128 1898 1155 1928 it
1174 1897 1200 1928 is
1219 1897 1276 1928 the
1295 1897 1416 1938 largaet

251 1938 446 1969 freshwater
465 1937 539 1974 fisb,
560 1939 594 1969 in
618 1938 675 1969 the
700 1939 843 1970 Danube
865 1940 1010 1980 running
1032 1944 1069 1970 to
1091 1941 1156 1972 400
1175 1939 1220 1971 lb.
1242 1941 1275 1972 in
1294 1941 1416 1983 weight

248 1981 316 2011 and
332 1982 370 2012 10
384 1981 424 2012 ft.
440 1991 476 2012 or
490 1991 582 2012 more
595 1982 629 2012 in
643 1980 769 2022 length.

251 2053 316 2088 192
