1482 2312
181 239 221 270 34

180 656 220 687 35

189 1144 230 1175 36

180 1699 219 1729 37

443 130 609 169 PLINY
623 145 632 169 ε
683 131 720 169 Ν
722 132 946 170 ATURAL
982 131 1217 170 HISTORY

298 233 405 270 XVI.
435 233 568 270 Uncos
590 246 743 284 ungues
767 239 808 270 et
830 239 1047 271 nocturnae
1070 247 1162 271 aves
1184 233 1349 279 habent,
1371 240 1417 272 ut

247 308 429 346 noctuae,
475 303 596 347 bubo,
638 302 780 340 ululae.
849 305 1024 339 omnium
1067 302 1206 340 horum
1248 303 1415 341 hebetes

246 372 419 408 interdiu
437 372 548 408 oculi.
603 373 710 409 bubo
727 371 902 409 funebris
920 378 961 409 et
977 375 1149 410 maxime
1167 374 1416 410 abominatus

246 442 412 491 publicis
460 444 673 492 praecipue
722 444 904 492 auspiciis
953 442 1113 479 deserta
1161 443 1296 480 incolit
1343 456 1417 480 nec

246 517 404 548 tantum
430 511 610 548 desolata
634 511 704 548 sed
729 511 814 548 dira
840 514 961 548 etiam
988 518 1029 549 et
1053 514 1266 557 inaccessa,
1291 515 1416 550 noctis

245 586 480 625 monstrum,
519 594 592 617 nec
630 587 750 618 cantu
790 581 921 631 aliquo
961 581 1102 618 vocalis
1141 582 1211 619 sed
1248 584 1413 632 gemitu.

246 652 384 700 itaque
415 653 454 687 in
485 651 647 688 urbibus
679 657 747 687 aut
779 654 938 687 omnino
968 653 1007 687 in
1039 650 1124 688 luce
1156 654 1259 688 visus
1289 642 1418 690 dirum

249 726 453 758 ostentum
506 727 586 763 est;
653 724 895 771 privatorum
943 721 1125 759 domibus
1174 721 1417 760 insidentem

248 789 416 840 plurium
451 794 528 828 scio
562 804 639 827 non
673 790 791 828 fuisse
826 790 1001 828 feralem.
1058 790 1164 828 volat
1198 804 1414 842 numquam

246 873 324 909 quo
349 859 478 904 libuit,
504 860 573 897 sed
599 865 797 897 traversus
823 859 1013 897 aufertur.
1069 860 1252 911 Capitolii
1277 860 1416 898 cellam

246 931 371 979 ipsam
406 931 569 966 intravit
605 929 727 966 Sexto
763 928 952 980 Palpellio
988 930 1124 966 Histro
1161 929 1204 966 L.
1242 929 1417 968 Pedanio

246 1012 358 1043 coss.,
386 1004 550 1049 propter
578 999 683 1048 quod
712 1001 824 1035 nonis
855 999 1012 1036 Martiis
1041 1000 1133 1036 urbs
1161 998 1330 1037 lustrata
1358 1006 1418 1041 est

245 1081 292 1105 eo
311 1081 425 1104 anno.

297 1138 425 1174 XVII.
457 1138 711 1188 Inauspicata
741 1145 801 1175 est
833 1145 874 1175 et
903 1139 1145 1176 incendiaria
1174 1142 1269 1184 avis,
1298 1153 1416 1190 quam

245 1213 410 1258 propter
435 1220 722 1257 saepenumero
747 1207 957 1245 lustratam
982 1209 1122 1245 urbem
1147 1210 1187 1245 in
1212 1209 1417 1246 annalibus

245 1279 480 1321 invenimus,
503 1279 604 1314 sicut
629 1277 673 1314 L.
699 1277 832 1314 Cassio
857 1277 898 1314 C.
926 1277 1055 1314 Mario
1078 1291 1191 1323 coss,
1214 1291 1292 1328 quo
1315 1291 1418 1316 anno

246 1351 288 1383 et
320 1346 479 1383 bubone
513 1348 594 1383 viso
626 1345 835 1383 lustratam
866 1360 963 1384 esse.
1018 1360 1120 1397 quae
1159 1350 1210 1384 sit
1246 1350 1326 1384 avis
1372 1360 1417 1384 ea

246 1428 324 1452 non
360 1418 557 1466 reperitur
592 1429 665 1452 nec
700 1416 881 1452 traditur.
938 1416 1099 1466 quidam
1135 1418 1191 1453 ita
1226 1419 1417 1467 interpre-

245 1490 397 1529 tantur,
434 1485 717 1522 incendiariam
755 1498 840 1522 esse
878 1498 1153 1536 quaecumque
1190 1488 1417 1536 apparuerit

245 1554 458 1591 carbonem
478 1553 609 1591 ferens
630 1567 679 1591 ex
701 1557 776 1591 aris
796 1554 857 1592 vel
877 1554 1088 1592 altaribus:
1123 1555 1185 1591 alii
1207 1557 1417 1605 spinturni-

245 1636 333 1660 cem
354 1637 442 1660 eam
463 1630 619 1668 vocant,
641 1624 713 1661 sed
732 1623 830 1661 haec
849 1626 934 1674 ipsa
954 1637 1056 1674 quae
1078 1625 1184 1661 esset
1203 1626 1308 1661 inter
1325 1637 1418 1662 aves

247 1695 314 1742 qui
328 1705 369 1729 se
384 1695 482 1730 scire
499 1693 650 1730 diceret
668 1706 745 1729 non
762 1695 904 1730 inveni.
959 1692 1113 1730 cliviam
1129 1706 1287 1744 quoque
1304 1706 1417 1731 avem

246 1762 297 1799 ab
310 1764 482 1812 antiquis
496 1765 740 1799 nominatam
750 1762 1417 1813 animadvertoignorari—quidam

245 1831 517 1869 clamatoriam
545 1832 696 1876 dicunt,
718 1832 853 1869 Labeo
881 1832 1201 1882 prohibitoriam3
1244 1838 1287 1870 et
1310 1833 1416 1883 apud

535 1952 549 1966 ⁰
572 1957 643 1980 ΑΛ).
665 1949 716 1980 43.
936 1948 947 1967 ⁰
977 1949 1036 1979 107
1058 1956 1123 1980 B.0.

728 1995 740 2010 ⁶
762 1990 944 2031 Σπινθαρίς.
