1482 2312
398 128 585 166 PLINY:
635 129 896 167 NATURAL
931 129 1166 166 HISTORY

203 231 397 280 dorsoque
423 234 689 281 equitantium
713 231 830 268 modo
855 234 1012 280 inpositi
1037 230 1237 267 hiantibus
1262 243 1366 266 resu-

203 298 296 345 pino
324 297 456 344 capite
486 295 536 331 ad
565 308 737 331 morsum
767 294 903 331 addita
932 297 971 330 in
1001 307 1042 331 os
1071 294 1196 338 clava,
1224 294 1367 330 dextra

203 372 249 395 ac
274 359 385 395 laeva
410 364 596 395 tenentes
623 364 803 395 extrema
830 361 912 395 eius
938 361 1152 407 utrimque,
1176 363 1221 394 ut
1245 357 1364 394 frenis

204 426 243 458 in
262 428 410 459 terram
431 428 556 472 agunt
575 425 765 471 captivos,
786 435 831 458 ac
851 435 945 458 voce
966 425 1088 458 etiam
1108 421 1191 458 sola
1208 424 1368 458 territos

202 492 351 536 cogunt
389 499 571 522 evomere
610 489 785 522 recentia
822 499 985 535 corpora
1022 485 1073 522 ad
1109 485 1366 534 sepulturam.

204 553 340 599 itaque
361 553 427 586 uni
448 553 483 586 ei
504 550 654 586 insulae
674 549 857 586 crocodili
877 563 955 586 non
975 549 1184 593 adnatant,
1203 548 1368 585 olfactu-

206 626 283 663 que
309 616 390 650 eius
415 617 571 663 generis
595 613 812 657 hominum,
836 619 880 650 ut
905 613 1125 663 Psyllorum
1149 618 1368 662 serpentes,

142 683 184 712 94
203 677 404 728 fugantur.
460 677 626 714 hebetes
651 677 782 714 oculos
806 676 879 714 hoc
898 677 1044 713 animal
1061 677 1204 713 dicitur
1220 676 1367 712 habere

142 1003 183 1033 95

143 1579 184 1609 96

204 745 243 777 in
276 755 393 791 aqua,
422 747 536 778 extra
568 744 745 778 acerrimi
776 744 892 785 visus,
917 747 1185 791 quattuorque
1213 753 1368 777 menses

204 805 343 842 hiemis
359 818 516 854 semper
531 805 662 842 inedia
676 808 950 842 transmittere
967 808 1005 841 in
1022 818 1153 854 specu.
1209 804 1369 854 quidam

204 869 276 906 hoc
298 883 420 905 unum
442 869 630 919 quamdiu
652 872 758 906 vivat
778 882 953 906 crescere
975 869 1240 912 arbitrantur;
1274 870 1367 905 vivit

204 939 339 970 autem
358 933 475 983 longo
492 939 685 983 tempore.

253 997 440 1034 XXXIX.
472 999 602 1034 Maior
635 997 846 1034 altitudine
881 1000 919 1034 in
955 997 1094 1034 eodem
1129 997 1218 1034 Nilo
1250 995 1368 1033 belua

207 1062 512 1111 hippopotamus
552 1061 695 1105 editur,
729 1061 884 1112 ungulis
918 1062 1018 1098 binis
1058 1061 1194 1111 quales
1226 1060 1368 1104 bubus,

206 1125 320 1162 dorso
340 1128 428 1175 equi
450 1131 491 1162 et
510 1126 601 1161 iuba
620 1131 661 1162 et
679 1125 849 1170 hinnitu,
867 1132 993 1162 rostro
1011 1128 1166 1169 resimo‚
1183 1124 1311 1162 cauda
1328 1130 1370 1161 et

206 1190 392 1226 dentibus
414 1203 597 1239 aprorum
619 1189 780 1227 aduncis
802 1189 872 1226 sed
893 1192 1021 1226 minus
1042 1192 1182 1233 noxiis,
1202 1190 1370 1239 tergoris

206 1253 256 1290 ad
289 1260 401 1290 scuta
433 1253 649 1303 galeasque
682 1253 994 1303 inpenetrabilis,
1026 1259 1307 1303 praeterquam
1339 1254 1369 1289 si

207 1331 341 1354 umore
384 1318 584 1354 madeant.
639 1318 866 1367 depascitur
906 1324 1064 1367 segetes
1105 1317 1370 1354 destinatione

209 1388 317 1425 ante,
348 1387 392 1418 ut
423 1381 570 1425 ferunt,
600 1382 889 1418 determinatas
920 1385 959 1418 in
989 1382 1094 1419 diem
1125 1387 1166 1418 et
1197 1394 1245 1418 ex
1276 1393 1370 1431 agro

207 1446 426 1482 ferentibus
473 1449 661 1496 vestigiis,
705 1459 755 1482 ne
799 1459 902 1496 quae
946 1448 1162 1483 revertenti
1207 1445 1371 1482 insidiae

205 1516 495 1558 comparentur.

255 1573 338 1610 XL.
369 1573 521 1610 Primus
558 1587 649 1610 eum
685 1580 726 1611 et
762 1577 937 1624 quinque
972 1573 1186 1611 crocodilos
1221 1573 1370 1609 Romae

208 1638 424 1674 aedilitatis
448 1651 543 1675 suae
569 1638 668 1674 ludis
696 1639 752 1675 M.
779 1637 947 1675 Scaurus
971 1640 1212 1687 temporario
1237 1639 1371 1686 euripo

207 1702 394 1739 ostendit.
449 1702 755 1751 hippopotamus
785 1705 823 1738 in
853 1702 1024 1751 quadam
1049 1701 1234 1739 medendi
1256 1707 1371 1751 parte

207 1769 329 1802 etiam
365 1769 554 1816 magister
584 1769 742 1809 existit;
784 1766 949 1803 adsidua
983 1779 1155 1816 namque
1183 1768 1371 1802 satietate

281 1891 295 1906 ‘¹
319 1886 379 1917 See
398 1887 463 1917 VII
482 1887 496 1925 ξ
517 1888 566 1918 14.

283 1928 296 1948 ⁶
318 1928 528 2003 &gparently
545 1929 589 1971 by
606 1930 758 1970 entering
773 1929 832 1960 the
847 1929 924 1960 field
940 1928 1085 1970 walking
1101 1928 1290 1960 baekward.

287 1978 298 1992 ⁶
377 1981 442 2004 Bc.

209 2035 255 2070 68
