1482 2368
145 470 186 500 30

146 980 184 1010 31

415 167 602 206 PLINY:
650 169 911 207 NATURAL
944 170 1179 208 HISTORY

212 274 390 309 sentiunt
416 270 560 307 hausta
585 269 767 307 hirudine
794 271 929 320 (quam
955 276 1237 323 sanguisugam
1263 272 1379 322 vulgo

211 339 386 385 coepisse
408 333 600 384 appellari
620 333 823 383 adverto):
857 334 955 372 haec
974 336 1041 372 ubi
1062 339 1101 372 in
1122 339 1204 386 ipso
1225 339 1380 373 animae

211 399 339 437 canali
357 412 398 436 se
418 399 517 442 fixit,
534 397 783 434 intolerando
801 398 934 435 adficit
952 399 1097 436 dolore.

265 464 528 500 Durissimum
554 462 668 498 dorso
694 467 845 511 tergus,
871 464 999 498 ventri
1024 463 1157 507 molle,
1181 469 1381 501 saetarum

214 528 363 564 nullum
383 529 665 576 tegimentum,
686 538 736 562 ne
756 528 795 561 in
815 525 943 562 cauda
963 526 1124 575 quidem
1143 527 1382 576 praesidium

213 591 409 641 abigendo
446 590 581 627 taedio
625 602 1076 639 muscarum—namque
1113 590 1153 627 id
1190 596 1232 627 et
1267 597 1383 628 tanta

215 658 377 692 vastitas
410 653 655 691 sentit—sed
683 653 905 690 cancellata
939 656 1039 690 cutis
1075 659 1116 691 et
1145 656 1315 692 invitans
1344 655 1385 691 id

213 733 338 770 genus
363 718 592 755 animalium
617 717 759 760 odore3
799 730 893 768 ergo
917 731 1007 754 cum
1033 721 1207 755 extentis
1223 717 1239 741 ¹
1279 731 1385 755 reee-

214 796 308 833 pere
355 784 552 825 examina,
599 784 739 818 artatis
780 784 818 817 in
851 794 969 831 rugas
1002 788 1169 831 repente
1201 782 1384 819 cancellis

212 846 502 896 conprehensas
551 851 736 889 enecant,
775 844 849 882 hoc
894 848 940 882 iis
985 859 1056 895 pro
1100 846 1241 889 cauda,
1279 846 1385 890 iuba,

213 911 304 947 villo
322 916 395 947 est.

266 974 466 1010 Dentibus
503 976 642 1022 ingens
680 975 853 1022 pretium
891 979 933 1010 et
969 973 1134 1010 deorum
1170 974 1385 1011 simulacris

215 1037 433 1074 lautissima
472 1050 521 1073 ex
558 1036 617 1073 his
655 1040 836 1073 materia.
892 1040 1042 1074 invenit
1085 1038 1240 1074 luxuria
1281 1051 1386 1075 com-

214 1100 512 1137 mendationem
557 1105 597 1136 et
642 1099 761 1136 aliam
807 1103 975 1150 expetiti
1020 1104 1059 1137 in
1101 1101 1203 1138 callo
1246 1115 1385 1139 manus

214 1167 362 1214 saporis
387 1163 486 1200 haut
512 1163 591 1199 alia
617 1163 668 1200 de
693 1176 827 1207 causa,
848 1164 979 1207 credo,
1001 1178 1119 1214 quam
1141 1168 1233 1215 quia
1258 1169 1385 1215 ipsum

216 1229 314 1266 ebur
355 1228 427 1265 sibi
472 1227 663 1264 mandere
705 1227 874 1264 wdetun
929 1229 1163 1278 magnitudo
1206 1229 1386 1266 dentium

216 1293 372 1329 videtur
399 1292 559 1341 quidem
585 1294 625 1327 in
650 1291 811 1341 templis
836 1295 1064 1342 praecipua,
1089 1293 1160 1330 sed
1184 1299 1322 1331 tamen
1347 1296 1386 1330 in

217 1358 405 1393 extremis
456 1355 631 1399 Africae,
682 1368 760 1405 qua
809 1356 971 1393 confinis
1022 1356 1261 1407 Aethiopiae
1312 1363 1386 1402 est,

215 1423 387 1470 postium
428 1422 552 1456 vicem
594 1422 633 1454 in
673 1419 878 1457 domiciliis
919 1420 1126 1469 praebere,
1166 1434 1386 1471 saepesque

215 1487 254 1520 in
282 1483 341 1520 his
372 1488 413 1520 et
443 1496 629 1532 pecorum
659 1483 825 1520 stabulis
854 1497 924 1532 pro
954 1484 1053 1533 palis
1083 1484 1384 1534 elephantorum

214 1548 399 1585 dentibus
446 1547 528 1583 fieri
575 1546 764 1596 Polybius
810 1547 978 1584 tradidit
1023 1554 1189 1585 auctore
1236 1549 1384 1586 Gulusa

215 1611 362 1662 regulo.

264 1675 335 1712 XI.
365 1674 610 1724 Elephantos
640 1674 719 1712 fert
749 1674 883 1712 Africa
913 1675 1018 1712 ultra
1047 1675 1220 1726 Syrtieas
1250 1677 1385 1714 solitu-

214 1739 325 1776 dines
350 1744 391 1776 et
418 1741 458 1775 in
484 1738 752 1783 Mauretania,
775 1738 909 1776 ferunt
932 1739 1151 1790 Aethiopes
1176 1747 1217 1777 et
1239 1741 1385 1792 Trogo-

214 1803 351 1854 dytae,
367 1808 411 1840 ut
427 1803 577 1839 dictum
595 1808 669 1846 est,
685 1803 756 1840 sed
771 1806 963 1840 maximos
981 1804 1093 1840 India
1109 1804 1385 1855 bellantesque

615 1889 627 1908 ¹
651 1889 792 1920 Mueller
806 1902 812 1919 :
836 1890 978 1920 extenti.

390 1982 404 1995 a
440 1984 448 1988 -
493 1984 500 1988 -
532 1983 542 1989 ν
621 1975 638 1995 τ)

387 2016 399 2035 ⁶
422 1976 726 2058 ggnkE}-t}l‚e-g-reat
742 2017 938 2049 Massinissa
959 2019 1058 2059 (Livy
1074 2019 1126 2050 42.
1146 2020 1212 2060 23).

213 2086 259 2118 24
