1482 2312
426 126 591 164 PLINY
605 140 615 165 ι
664 125 926 164 NATURAL
962 124 1195 163 HISTORY

192 236 212 265 4
284 228 335 266 11.
367 228 537 265 Plurima
563 234 697 265 autem
723 234 763 264 et
789 230 961 264 maxima
986 226 1172 263 animalia
1197 228 1236 262 in
1262 225 1396 263 Indico

232 286 344 323 mari,
358 295 405 319 ex
421 282 561 331 quibus
575 281 783 317 ballaenae
797 287 1034 330 quaternum
1049 282 1242 329 iugerum,
1256 282 1397 329 pristes

232 335 428 372 ducenum
458 335 695 375 cubitorum,
726 336 872 383 quippe
904 333 966 369 ubi
1000 333 1174 369 locustae
1204 339 1397 382 quaterna

231 389 364 426 cubita
395 388 601 437 impleant,
630 387 829 436 anguillae
859 399 1016 436 quoque
1045 388 1082 422 in
1113 385 1253 435 Gange
1282 398 1397 423 amne

193 444 400 478 5tricenos
431 441 564 490 pedes.
618 440 688 478 sed
727 443 764 476 in
798 442 894 477 mari
929 439 1071 476 beluae
1099 441 1200 475 circa
1231 439 1397 476 solstitia

233 498 406 532 maxime
440 497 628 530 visuntur.
695 499 788 529 tunc
820 493 897 529 illic
930 498 1048 529 ruunt
1081 492 1272 536 turbines,
1304 498 1398 529 tunc

235 548 392 590 imbres,
425 554 518 584 tunc
550 547 731 584 deiectae
764 548 955 583 montium
990 548 1088 595 iugis
1121 545 1318 594 procellae
1348 545 1398 582 ab

234 604 312 638 imo
342 607 498 637 vertunt
529 603 652 637 maria
680 599 935 649 pulsatasque
964 612 1011 635 ex
1041 598 1235 648 profundo
1261 598 1398 635 beluas

233 668 321 691 cum
354 654 536 690 fluctibus
567 653 727 690 volvunt
755 658 885 696 tanta,
915 651 986 688 ut¹
1019 651 1114 688 alias
1143 651 1398 702 thynnorum,

234 707 504 750 multitudine,
534 713 576 743 ut
609 706 746 756 Magni
777 705 991 742 Alexandri
1025 705 1158 742 classis
1198 704 1293 741 haut
1322 704 1399 741 alio

233 760 350 798 modo
378 774 495 810 quam
531 759 701 796 hostium
731 761 815 796 acie
844 759 958 795 obvia
986 761 1225 795 contrarium
1255 771 1398 808 agmen

234 814 398 851 adversa
425 813 555 850 fronte
582 813 793 850 direxerit:
834 812 951 848 aliter
977 811 1151 862 [sparsis]
1169 811 1184 834 ²
1209 824 1285 848 non
1313 817 1397 848 erat

235 867 415 904 evadere.
472 880 547 903 non
589 879 695 907 voce,
736 879 812 902 non
851 868 981 902 sonitu
1021 878 1097 901 non
1135 864 1291 915 fragore
1329 864 1400 901 sed

191 925 211 956 6
231 920 340 958 ietuss
370 925 584 962 terrentur,
616 932 687 955 nec
722 921 790 956 nisi
828 921 936 955 ruina
968 918 1191 955 turbantur.
1246 917 1399 954 Cadara

233 973 459 1023 appellatur
499 973 617 1009 Rubri
654 973 777 1010 Maris
816 971 1047 1021 paeninsula
1081 974 1241 1021 ingens;
1285 970 1399 1008 huius

234 1027 392 1064 obiectu
418 1032 549 1063 vastus
575 1028 741 1063 efficitur
766 1029 871 1062 sinus
897 1038 949 1062 xn
979 1024 1131 1061 dierum
1158 1029 1199 1061 et
1225 1026 1399 1061 noctium

234 1083 398 1130 remigio
428 1082 661 1129 enavigatus
694 1078 923 1115 Ptolomaeo
947 1081 1044 1128 regi,
1075 1077 1233 1127 quando
1257 1077 1399 1114 nullius

233 1146 353 1170 aurae
375 1135 510 1182 recipit
532 1132 720 1168 afflatum.
776 1131 890 1168 huius
910 1131 981 1168 loci
1003 1134 1138 1181 quiete
1159 1133 1370 1180 praecipue
1385 1130 1400 1153 ¹²

234 1186 284 1223 ad
329 1186 567 1223 immobilem
612 1185 928 1235 magnitudinem
972 1185 1112 1221 beluae
1155 1183 1396 1221 adolescunt.

196 1239 430 1276 7Gedrosos
467 1241 530 1289 qui
571 1239 733 1276 Arabim
770 1251 927 1274 amnem
964 1237 1146 1274 accolunt
1183 1237 1397 1274 Alexandri

238 1293 375 1342 Magni
411 1292 592 1329 classium
628 1292 818 1342 praefecti
855 1291 1111 1341 prodiderunt
1147 1293 1185 1327 in
1218 1290 1399 1327 domibus

236 1345 337 1382 fores
360 1346 527 1382 maxillis
547 1345 751 1382 beluarum
772 1345 918 1387 facere,
937 1344 1087 1381 ossibus
1113 1350 1223 1381 tecta
1248 1346 1397 1394 contig-

236 1412 344 1442 nare,
384 1412 431 1435 ex
477 1399 618 1449 quibus
662 1399 788 1437 multa
833 1398 1132 1448 quadragenum
1176 1397 1398 1434 cubitorum

237 1452 492 1502 longitudinis
546 1458 716 1502 reperta.
773 1457 921 1489 exeunt
975 1457 1015 1488 et
1069 1453 1198 1501 pecori
1252 1450 1397 1487 similes

467 1567 473 1580 ¹
501 1563 639 1594 Mueller
654 1575 661 1594 ε
688 1563 830 1593 volvunt,
846 1569 880 1593 et
896 1562 979 1592 alias
995 1567 1100 1592 tanta.

465 1605 476 1623 ²
497 1606 621 1646 sparsis
637 1615 680 1635 αη
696 1605 865 1636 delendum
879 1605 893 1635 ,Ρ
912 1605 1059 1636 Mueller.

464 1648 476 1666 ³
497 1649 542 1680 sic
557 1649 570 1678 ,Ρ
590 1648 728 1679 Mueller
742 1660 749 1679 ε
776 1658 842 1678 non
859 1647 930 1678 ictu
945 1647 1003 1678 sed
1020 1647 1158 1687 fragore.

465 1691 475 1709 ⁴
496 1691 550 1722 v.l.
567 1691 755 1732 praecipua.

273 1814 287 1829 ⁰
308 1810 379 1841 The
402 1810 490 1850 iuqer
514 1820 580 1840 was
603 1809 709 1840 about
732 1807 923 1839 two-thirds
946 1807 984 1839 of
1002 1818 1045 1839 an
1070 1807 1208 1848 English
1231 1817 1317 1844 acre,
1341 1807 1399 1838 the

230 1854 356 1885 cubitus
371 1863 408 1884 or
423 1853 465 1883 ell
480 1853 586 1883 about
606 1852 641 1892 11}
659 1851 697 1883 ft.

276 1896 288 1915 ὸ
310 1896 390 1927 This
409 1895 511 1926 sailed
529 1895 613 1926 from
631 1895 689 1925 the
707 1894 811 1925 Indus
827 1898 863 1925 to
880 1894 938 1924 the
955 1893 1156 1934 Euphrates,
1174 1904 1210 1924 as
1226 1893 1395 1930 recorded,

232 1939 310 1970 with
328 1938 371 1969 all
390 1938 450 1969 the
467 1938 587 1969 details
603 1938 703 1978 given
720 1937 840 1973 above,
859 1937 904 1978 by
922 1935 1052 1973 Arrian,
1072 1936 1189 1967 Indica
1205 1937 1324 1967 21-42.

274 1986 285 1998 ⁶
307 1981 378 2012 The
395 1980 461 2012 MS.
479 1984 555 2011 text
571 1981 692 2011 inserts
706 1990 750 2011 an
766 1980 989 2021 explanatory
1005 1979 1092 2020 gloss
1109 1978 1116 1990 ⁴
1130 1979 1173 2020 by
1189 1978 1396 2020 dispersing.'

240 2051 304 2086 160
