1482 2312
425 123 590 161 PLINY
605 137 613 160 z
663 122 925 160 NATURAL
961 122 1196 160 HISTORY

225 228 442 265 existimari
467 226 602 275 biceps
628 227 763 274 possit.
819 227 976 274 xiperae
1003 237 1087 260 mas
1112 230 1234 274 caput
1258 226 1397 261 inserit

144 287 205 317 170
225 284 264 317 in
297 293 352 324 os,
381 278 487 329 quod
520 278 586 314 illa
614 278 771 314 abrodit
799 277 1014 327 voluptatis
1043 277 1265 314 dulcedine.
1319 283 1397 314 ter-

146 870 202 900 171

226 335 410 370 restrium
436 331 578 368 eadem
604 331 685 367 sola
712 333 816 366 intra
843 343 884 367 se
904 332 1009 379 parit
1033 343 1106 366 ova
1126 332 1239 366 unius
1260 330 1397 367 coloris

226 393 267 423 et
293 385 425 422 mollia
450 391 496 421 ut
520 387 659 434 pisces.
713 386 834 420 tertio
854 383 918 419 die
938 385 1043 419 intra
1062 389 1221 419 uterum
1248 383 1398 420 catulos

226 439 416 482 excludit,
439 438 531 474 dein
557 436 719 486 singulis
745 437 885 473 diebus
912 435 1085 485 singulos
1109 438 1227 485 parit,
1246 449 1295 472 xx
1314 435 1398 472 fere

226 505 390 528 numero
404 504 412 534 ;
428 494 564 540 itaque
585 493 707 527 ceteri
732 490 933 526 tarditatis
955 491 1199 538 inpatientes
1221 502 1398 539 perrum-

226 551 327 595 punt
378 544 504 580 latera
556 546 682 579 occisa
733 548 913 592 parente.
982 548 1141 578 ceterae
1193 548 1399 592 serpentes

226 603 417 634 contexta
445 610 518 634 ova
547 599 586 632 in
616 602 723 633 terra
752 596 956 639 incubant,
987 601 1029 632 et
1057 594 1185 632 fetum
1215 598 1398 644 sequenti

226 651 444 690 excludunt
469 663 584 686 anno.
639 649 821 685 crocodili
847 649 996 685 vicibus
1020 649 1225 692 incubant,
1249 662 1333 685 mas
1358 654 1400 685 et

228 704 385 741 femina.

277 757 355 794 Sed
407 756 646 806 reliquorum
698 768 856 805 quoque
908 757 1158 791 terrestrium
1208 754 1399 791 reddatur

226 812 444 861 generatio.

278 862 505 900 LXXXIII.
537 861 733 912 Bipedum
772 861 875 897 solus
915 860 1033 897 homo
1073 860 1218 897 animal
1256 863 1397 911 gignit,

227 917 374 953 homini
405 921 564 953 tantum
595 917 709 965 primi
740 917 866 951 coitus
896 916 1160 964 paenitentia,
1190 916 1399 964 augurium

227 970 377 1007 scilicet
399 972 505 1006 vitae
529 982 552 1005 a
574 967 819 1018 paenitenda
841 970 1004 1017 origine.
1058 969 1201 1004 ceteris
1225 966 1400 1003 animali-

227 1024 300 1060 bus
330 1025 425 1059 stati
454 1035 525 1072 per
553 1027 736 1071 tempora
765 1023 857 1057 anni
886 1021 1133 1064 concubitus,
1161 1019 1324 1064 homini,
1354 1025 1399 1057 ut

227 1077 379 1113 dictum
427 1081 502 1119 est,
549 1076 730 1111 omnibus
777 1074 881 1110 horis
928 1074 1083 1110 dierum
1129 1076 1399 1123 noctiumque.

147 1135 208 1166 172
228 1132 370 1166 ceteris
387 1131 507 1165 satias
524 1130 563 1164 in
581 1130 701 1172 coitu,
718 1127 866 1164 homini
882 1140 1005 1177 prope
1023 1126 1152 1170 nulla;
1186 1126 1401 1163 Messalina

229 1183 382 1219 Claudii
415 1182 593 1218 Caesaris
625 1184 794 1217 coniunx
827 1180 1003 1230 regalem
1035 1179 1137 1216 hanc
1169 1182 1401 1216 existimans

227 1236 401 1286 palmam
423 1235 545 1285 elegit
566 1237 606 1270 in
626 1234 666 1271 id
687 1240 892 1271 certamen
913 1232 1195 1270 nobilissimam
1217 1246 1238 1269 e
1259 1235 1401 1283 prosti-

228 1292 326 1326 tutis
360 1288 540 1325 ancillam
574 1290 842 1324 mercenariae
868 1289 994 1337 stipis‚
1019 1299 1188 1336 eamque
1214 1292 1331 1323 nocte
1357 1300 1402 1323 ac

229 1343 293 1379 die
335 1344 536 1392 superaiit
578 1344 717 1390 quinto
759 1346 880 1390 atque
923 1342 1136 1377 vicensimo
1176 1340 1400 1376 concubitu.

228 1399 267 1433 in
315 1395 518 1432 hominum
556 1407 704 1444 genere
743 1395 916 1430 maribus
959 1392 1203 1430 deverticula
1249 1395 1401 1429 veneris

229 1451 458 1499 excogitata
493 1450 637 1491 onmia,
673 1447 851 1484 scelera1
901 1452 1084 1490 naturae,
1118 1445 1275 1483 feminis
1310 1459 1402 1483 vero

229 1504 403 1539 abortus.
458 1507 653 1551 quantum
682 1503 721 1537 in
751 1499 824 1536 hac
852 1506 967 1550 parte
998 1499 1125 1536 multo
1154 1502 1402 1536 nocentiores

229 1569 349 1605 quam
382 1554 490 1592 ferae
520 1554 674 1590 sumus!
730 1556 830 1590 viros
857 1553 1049 1590 axidiores
1076 1554 1231 1590 veneris
1256 1552 1401 1596 hieme,

229 1608 395 1645 feminas
415 1613 570 1645 aestate
589 1607 786 1644 Hesiodus
804 1606 990 1656 prodidit.

700 1709 713 1728 ¹
735 1709 789 1740 vl.
804 1708 938 1740 scelere.

271 1868 285 1883 ‘¹
308 1865 367 1895 Ar.
380 1863 488 1894 Probl.
504 1862 561 1899 IV,
576 1863 672 1898 8779,
686 1860 747 1891 Διὰ
761 1861 793 1891 τί
804 1860 836 1891 σὶ
848 1860 913 1892 νέοι
927 1861 1005 1892 ὅταν
1017 1862 1147 1900 πρῶτον
1161 1859 1401 1900 ἀφροδισιάζειν

226 1906 466 1980 ἅρξοίιῖνῖῗιὲὲἴς
483 1905 520 1937 ἂν
538 1905 733 1944 ὁμιλησωσι,
748 1903 830 1943 μετὰ
847 1903 905 1944 τὴν
921 1902 1036 1943 πρᾶξιν
1052 1906 1214 1943 μισοῦσιν.

275 1997 285 2011 ⁰
314 1991 425 2023 Works
438 1973 506 2022 und
525 1990 615 2029 Days
632 1990 705 2021 586.

226 2065 296 2098 400
