1482 2312
200 384 219 413 9

184 1122 219 1153 10

184 1431 215 1460 ll

444 151 610 190 PLINY
624 166 633 191 ε
682 153 717 190 N
721 153 944 191 ATURAL
978 152 1214 191 HISTORY

246 253 456 299 haliaetus,
480 255 713 293 clarrissima
738 256 939 293 oculorum
964 259 1062 300 acie,
1085 256 1233 293 librans
1260 270 1309 293 ex
1334 255 1415 293 alto

246 330 332 354 sese
356 320 515 367 visoque
538 320 577 353 in
600 320 697 354 mari
719 321 825 367 pisce
847 331 1036 367 praeceps
1059 320 1098 354 in
1121 331 1212 354 eum
1234 331 1351 354 ruens
1375 324 1416 354 et

245 378 426 415 discussis
459 384 621 428 pectore
649 382 760 429 aquis
788 382 956 428 rapiens.
1011 379 1079 415 illa
1107 392 1227 428 quam
1253 381 1415 416 tertiam

247 439 410 476 fecimus
425 443 628 490 aquaticas
643 454 733 477 aves
747 443 848 477 circa
862 447 1004 490 stagna
1019 440 1174 490 adpetit
1188 446 1415 490 mergentes

248 515 288 537 se
313 501 494 545 subinde,
518 501 643 538 donec
668 505 816 552 sopitas
840 502 1085 551 lassatasque
1111 505 1252 551 rapiat.
1307 514 1416 550 spec-

247 563 370 599 tanda
395 563 610 607 dimicatio,
637 577 709 600 ave
736 563 785 600 ad
812 563 994 613 perfugia
1019 563 1179 600 litorum
1204 563 1415 608 tendente,

247 627 419 661 maxime
450 627 481 661 si
512 625 712 662 condensa
742 624 921 662 harundo
952 628 1016 668 sit,
1048 624 1180 674 aquila
1211 625 1302 661 inde
1334 626 1414 661 ictu

247 686 434 736 abigente
461 686 548 723 alae
576 693 632 730 et,
658 700 748 723 cum
775 686 942 736 adpetat
969 689 1008 722 in
1034 686 1136 730 lacu,
1163 686 1381 723 scandente
1398 685 1411 708 ¹

247 748 508 797 umbramque
526 761 637 784 suam
654 751 765 785 nanti
783 749 855 785 sub
872 761 975 797 aqua
992 761 1015 784 a
1030 748 1145 784 litore
1162 747 1416 791 ostendente,

246 822 376 846 rursus
396 822 468 846 ave
485 813 522 845 in
538 809 692 846 diversa
704 809 719 832 2
741 815 781 847 et
801 810 867 846 ubi
883 812 1045 846 minime
1061 823 1102 846 se
1118 809 1255 846 credat
1273 822 1415 858 expec-

245 873 321 907 tari
335 877 578 920 emergente.
634 870 732 908 haec
744 884 863 908 causa
875 874 1073 921 gregatim
1088 871 1223 907 avibus
1238 870 1416 914 natandi,

247 935 339 982 quia
370 932 502 982 plures
534 933 649 969 simul
682 946 760 969 non
792 932 1033 970 infestantur
1065 945 1246 982 respersu
1278 934 1414 981 pinna-

246 1007 332 1030 rum
348 993 505 1031 hostem
520 1001 789 1031 occaecantes.
844 1008 964 1044 saepe
981 1000 1023 1031 et
1039 994 1195 1044 aquilae
1212 996 1321 1043 ipsae
1337 1006 1414 1030 non

245 1055 464 1092 tolerantes
508 1056 662 1106 pondus
708 1055 1000 1105 adprehensum
1045 1069 1122 1092 una
1168 1060 1413 1105 merguntur.

245 1116 442 1154 haliaetus
481 1123 641 1154 tantum
678 1118 873 1167 inplumes
909 1120 1128 1154 etiamnum
1167 1117 1293 1166 pullos
1326 1129 1415 1153 suos

245 1181 470 1228 percutiens
491 1179 658 1216 subinde
679 1182 785 1230 cogit
806 1179 989 1216 adversos
1010 1181 1155 1216 intueri
1176 1178 1265 1215 solis
1286 1177 1414 1215 radios

245 1246 300 1284 et,
339 1243 369 1277 si
408 1243 659 1277 coniventem
698 1240 1079 1290 humectantemque
1118 1239 1413 1283 animadvertit,

245 1305 481 1352 praecipitat
507 1315 528 1339 e
553 1303 645 1339 nido
670 1302 778 1340 velut
803 1302 1070 1340 adulterinum
1095 1307 1216 1351 atque
1241 1301 1414 1351 degene—

246 1376 351 1407 rem3
392 1364 504 1400 illum
532 1367 642 1401 cuius
671 1367 775 1401 acies
806 1365 916 1401 firma
945 1370 1083 1401 contra
1111 1366 1226 1400 stetit
1257 1363 1412 1400 educat.

245 1425 407 1462 haliaeti
445 1439 559 1462 suum
595 1439 720 1476 genus
757 1439 835 1463 non
870 1425 1034 1469 habent,
1070 1424 1140 1462 sed
1176 1438 1225 1462 ex
1261 1425 1414 1461 diverso

246 1487 465 1537 aquilarum
490 1491 597 1524 coitu
622 1494 859 1530 nascuntur;
898 1487 938 1524 id
964 1487 1124 1537 quidem
1151 1486 1255 1536 quod
1281 1499 1331 1523 ex
1355 1485 1414 1522 his

246 1556 384 1586 natum
403 1555 463 1586 est
481 1551 520 1585 in
539 1549 737 1599 ossifragis
755 1563 880 1599 genus
898 1548 1021 1586 habet
1040 1562 1061 1585 e
1080 1549 1221 1598 quibus
1239 1547 1413 1584 vultures

245 1614 414 1648 minores
436 1617 765 1661 progenerantur,
789 1617 829 1648 et
853 1624 901 1648 ex
925 1610 984 1647 his
1007 1613 1140 1660 magni
1164 1612 1229 1660 qui
1252 1612 1410 1646 omnino

245 1686 322 1709 non
371 1679 578 1722 generant.
645 1673 806 1723 quidam
856 1672 1030 1709 adiciunt
1080 1685 1205 1722 genus
1255 1671 1411 1721 aquilae

245 1748 364 1784 quam
384 1735 594 1772 barbatam
614 1741 770 1779 vocant,
791 1735 904 1771 Tusci
926 1748 1017 1771 vero
1037 1733 1281 1784 ossifragam.

298 1796 363 1833 IV.
392 1796 531 1834 Tribus
573 1799 707 1846 primis
750 1803 791 1834 et
835 1799 973 1846 quinto
1014 1795 1234 1846 aquilarum
1275 1797 1411 1846 generi

430 1891 441 1910 ¹
467 1890 639 1931 Mayhoff:
663 1891 816 1922 cadente.
986 1890 998 1909 ²
1021 1890 1073 1921 v.l.
1091 1889 1236 1920 diverso.

395 2014 410 2029 ⁶
432 2010 581 2051 Perhaps
596 2010 653 2041 the
667 2009 908 2050 lammergeier,
925 2014 1079 2051 qypaetns
1094 2009 1253 2040 barbata-³.

242 2073 308 2118 298
