1482 2312
422 119 587 158 PLINY
601 134 610 158 ε
660 120 922 158 NATURAL
958 119 1192 159 HISTORY

156 231 198 262 80
223 225 408 260 mittitur.
464 222 586 273 pedes
599 235 691 259 eum
706 221 853 259 habere
867 223 1131 265 arbitrantur3
1157 223 1393 262 Aristoteles

157 921 190 951 S]

156 1133 197 1164 82

223 276 369 313 infitias
381 275 395 299 ¹
416 278 447 312 it
468 277 650 326 apposita
669 278 879 325 pinnarum
895 275 1163 312 similitudine.

280 329 489 366 Mucianus
512 331 703 365 muricem
731 341 817 365 esse
847 328 1029 365 latiorem
1055 342 1243 378 purpura,
1262 342 1393 379 neque

224 395 362 433 aspero
378 395 509 431 neque
525 381 696 418 rotundo
709 394 775 418 ore
789 394 920 431 neque
937 383 977 417 in
994 382 1157 432 angulos
1170 382 1393 432 prodeunte

226 441 350 473 rostro
363 435 432 472 sed
446 435 564 472 sicut2
577 434 727 471 concha
739 440 909 484 utroque
921 434 1046 471 latere
1059 448 1145 471 sese
1159 435 1371 485 colligente
1385 449 1394 479 ;

224 490 366 539 quibus
394 488 694 525 inhaerentibus
722 488 882 538 plenam
898 490 1007 524 venti
1023 488 1039 511 ³
1069 490 1228 525 stetisse
1252 502 1394 525 navem

224 547 452 592 portantem
498 544 657 578 nuntios
703 554 726 577 a
772 539 988 577 Periandro
1034 546 1079 577 ut
1124 547 1396 578 castrarentur

225 595 374 633 nobiles
415 597 528 645 pueri
543 594 581 637 ‘¹3
623 593 873 643 conchasque
907 606 1010 644 quae
1043 593 1083 630 id
1117 597 1394 644 praestiterint

225 648 329 698 apud
382 647 611 684 Cnidiorum
663 647 862 684 Venerem
913 646 999 684 coli.
1052 647 1218 684 Trebius
1272 648 1395 698 Niger

225 701 407 751 pedalem
447 714 533 738 esse
574 706 617 737 et
655 701 916 738 crassitudine
951 702 1125 750 quinque
1165 700 1395 751 digitorum,

225 768 343 791 naves
359 756 502 791 morari
516 766 525 797 3
555 759 766 804 praeterea
781 753 882 790 hane
899 766 984 790 esse
1001 756 1080 790 vim
1096 756 1179 790 eius
1196 754 1394 792 adservati

225 811 263 844 in
284 807 365 845 sale
387 813 432 844 ut
454 821 593 844 aurum
616 807 722 857 quod
743 806 938 844 deciderit
958 809 999 843 in
1021 806 1230 844 altissimos
1251 813 1394 857 puteos

223 861 407 898 admotus
425 860 624 898 extrahat.

273 914 402 951 XLII.
435 914 600 950 Mutant
620 913 791 950 colorem
810 912 1024 950 candidum
1044 926 1211 950 maenae
1232 919 1274 950 et
1295 913 1395 951 fiunt

224 973 378 1004 aestate
399 970 601 1017 nigriores.
656 972 788 1003 mutat
808 972 850 1003 et
869 965 1022 1016 phycis,
1041 966 1193 1016 reliquo
1213 972 1394 1017 tempore

223 1021 405 1065 candida,
436 1033 528 1057 vere
560 1022 678 1056 varia.
734 1019 876 1056 eadem
907 1021 1074 1069 piscium
1105 1019 1187 1056 sola
1217 1020 1394 1057 nidificat

224 1087 271 1111 ex
292 1073 382 1124 alga
400 1079 521 1123 atque
540 1075 580 1109 in
598 1073 691 1110 nido
708 1075 824 1123 parit.

274 1127 425 1164 XLIII.
454 1126 571 1164 Volat
584 1140 678 1163 sane
690 1139 884 1176 perquam
896 1125 1030 1162 similis
1043 1125 1187 1164 volucri
1199 1125 1367 1163 hirundo
1380 1126 1396 1150 5

224 1183 321 1218 item
342 1180 493 1217 milvus.
551 1180 658 1216 subit
684 1182 723 1216 in
745 1193 899 1216 summa
918 1181 1042 1215 maria
1061 1181 1177 1229 piscis
1204 1192 1254 1216 ex
1281 1193 1395 1231 argu-

224 1240 360 1270 mento
393 1233 616 1284 appellatus
648 1233 822 1277 lucerna,
853 1232 1068 1282 linguaque
1100 1234 1219 1283 ignea
1249 1245 1321 1282 per
1352 1246 1394 1269 os

225 1293 364 1324 exerta
420 1287 647 1337 tranquillis
702 1287 884 1323 noctibus
940 1285 1103 1322 relucet.
1169 1285 1318 1323 attollit
1373 1299 1394 1323 e

225 1343 322 1377 mari
342 1340 659 1390 sesquipedanea
687 1338 769 1376 fere
797 1352 944 1376 cornua
971 1352 1073 1389 quae
1102 1339 1152 1375 ab
1172 1338 1231 1376 his
1251 1352 1396 1376 nomen

224 1396 358 1430 traxit.
410 1407 542 1430 rursus
562 1393 680 1430 draco
699 1395 872 1429 marinus
892 1398 1032 1442 captus
1059 1397 1181 1442 atque
1201 1394 1396 1430 immissus

224 1449 264 1483 in
302 1446 491 1483 harenam
532 1459 741 1483 cavernam
782 1447 853 1482 sibi
891 1451 1016 1482 rostro
1056 1448 1154 1482 mira
1188 1445 1395 1483 celeritate

223 1506 402 1537 excavat.

275 1554 419 1590 XLIV.
452 1552 622 1590 Piscium
651 1555 843 1603 sanguine
875 1558 1012 1589 carent
1041 1551 1091 1589 de
1121 1552 1262 1602 quibus
1291 1551 1396 1589 diee-

223 1620 322 1644 mus.
378 1612 470 1643 sunt
492 1614 629 1644 autem
648 1609 726 1643 tria
744 1618 915 1656 genera:
949 1607 1120 1656 primum
1141 1618 1243 1656 quae
1263 1605 1396 1643 mollia

282 1693 292 1711 ¹
316 1692 446 1724 infitias
462 1693 536 1724 add.
549 1691 710 1733 fllayhosf.

280 1735 292 1753 ²
315 1735 488 1775 Blayhofft
515 1735 561 1766 sic
577 1740 633 1766 aut
649 1734 805 1776 simplici.

279 1779 291 1797 ³
315 1778 488 1819 Mayhoff:
514 1779 637 1809 ventis.

280 1822 291 1839 ⁴
313 1831 436 1852 navem
473 1821 645 1852 Periandri
682 1824 889 1862 portantem,
919 1823 960 1851 ut
994 1822 1237 1856 castrarentur,
1267 1818 1396 1851 nobiles

235 1874 357 1905 pueros
374 1864 412 1895 M
416 1863 535 1904 ayhoff.

278 1907 291 1926 ⁵
315 1906 488 1947 Mayhvoff:
514 1905 687 1937 hirundini
705 1906 771 1945 (v.l.
789 1905 884 1936 volat
900 1905 952 1935 his
968 1904 1061 1936 unda
1076 1908 1183 1944 sane).

391 1997 404 2010 ‘¹
427 1993 499 2024 The
515 1993 667 2023 Romans
683 1991 850 2023 reckoned
867 1992 905 2023 16
921 1991 1015 2032 digiti
1030 1994 1066 2022 to
1081 1991 1139 2022 the
1155 2001 1220 2031 pes.

225 2049 294 2085 216
