1482 2312
439 146 603 184 PLINY
618 159 628 184 t
677 147 939 184 NATURAL
974 146 1209 185 HISTORY

242 252 404 287 orientis
434 263 574 300 regum
604 249 676 286 sibi
706 249 887 286 tradjtos.
943 249 1054 293 haec,
1084 263 1174 286 cum
1205 252 1410 300 exquisitis

242 309 387 346 cotidie
418 309 616 345 Antonius
646 311 897 358 saginaretur
927 308 1066 358 epulis,
1096 309 1266 358 superbo
1296 309 1410 346 simul

243 381 287 404 ac
312 370 468 417 procaci
492 366 614 410 fastu,
640 373 684 403 ut
711 369 849 416 regina
874 370 1078 411 meretrix,
1102 367 1302 404 lautitiam
1328 370 1411 405 eius

243 432 560 475 apparatumque
598 423 788 462 omneml
826 425 1070 469 obtrectans,
1107 431 1327 475 quaerente
1365 439 1411 462 eo

244 484 339 534 quid
363 484 512 520 adstrui
537 483 858 533 magnificentiae
882 490 1016 533 posset
1041 484 1244 533 respondit
1268 497 1347 521 una
1369 497 1411 522 se

160 546 222 578 120
246 555 344 579 cena
366 545 544 579 centiens
568 541 632 578 HS
649 541 664 564 2
685 542 998 592 absumpturam.
1053 543 1241 592 cupiebat
1262 542 1412 580 discere

244 601 455 645 Antonius,
491 601 560 638 sed
598 601 681 637 fieri
716 614 832 650 posse
868 614 946 638 non
982 601 1262 638 arbitrabatur.
1319 615 1412 651 ergo

244 660 518 709 sponsionibus
551 659 667 696 factis
699 665 860 709 postero
890 659 969 703 die,
999 673 1076 709 quo
1105 659 1293 696 iudicium
1321 673 1412 710 age-

243 718 375 762 batur,
399 718 653 768 magnificam
676 718 772 754 alias
796 731 950 762 cenam,
975 732 1025 755 ne
1049 718 1133 755 dies
1158 721 1320 768 periret,
1343 719 1413 756 sed

243 777 498 820 cotidianam,
540 778 715 814 Antonio
756 780 940 826 apposuit
981 777 1169 814 inridenti
1209 783 1413 827 computa—

243 838 475 886 tionemque
528 836 810 885 expostulanti.
866 842 907 872 at
957 835 1026 872 illa
1076 835 1323 873 corollarium
1373 837 1414 874 id

246 908 345 938 esse,
367 901 408 932 et
429 901 794 932 consummaturam
808 894 824 917 ³
852 907 941 932 eam
968 908 1108 931 cenam
1122 895 1138 917 4
1164 897 1413 932 taxationem

243 954 478 990 confirmans
521 954 726 1003 solamque
764 966 806 990 se
846 956 1025 990 centiens
1063 952 1130 989 HS
1168 959 1414 997 cenaturam,

244 1011 378 1049 inferri
431 1026 609 1049 mensam
662 1012 877 1049 secundam
923 1015 1047 1049 iussit.
1104 1026 1153 1049 ex
1199 1018 1414 1062 praecepto

245 1074 411 1108 ministri
439 1085 561 1108 unum
587 1078 747 1108 tantum
773 1084 840 1108 vas
866 1077 961 1108 ante
988 1084 1078 1108 eam
1103 1084 1271 1120 posuere
1297 1074 1414 1115 aceti,

243 1133 353 1167 cujus
378 1133 570 1179 asperitas
595 1133 732 1180 visque
756 1133 796 1166 in
819 1130 957 1167 tabem
982 1133 1217 1180 margaritas
1242 1129 1412 1167 resolvit.

165 1195 220 1224 121
245 1190 413 1239 gerebat
435 1190 593 1226 auribus
615 1203 705 1226 cum
726 1192 900 1226 maxime
921 1189 1120 1239 singulare
1140 1188 1238 1226 illud
1260 1195 1301 1226 et
1322 1201 1415 1226 vere

246 1251 403 1285 unicum
434 1255 601 1285 naturae
632 1261 742 1297 opus.
797 1251 934 1298 itaque
966 1253 1207 1297 expectante
1239 1248 1414 1285 Antonio

246 1307 435 1357 quidnam
461 1313 567 1344 esset
593 1313 731 1344 actura
756 1306 983 1343 detractum
1009 1306 1181 1343 alterum
1207 1309 1344 1343 mersit
1369 1319 1414 1343 ac

245 1366 504 1416 liquefactum
549 1366 765 1402 obsorbuit.
820 1368 955 1402 iniecit
1000 1365 1115 1401 alteri
1161 1377 1323 1401 manum
1369 1364 1412 1401 L.

246 1425 426 1468 Plancus,
449 1425 569 1461 iudex
591 1426 809 1474 sponsionis
832 1427 929 1468 eius,
953 1437 1044 1460 eum
1067 1437 1224 1473 quoque
1245 1429 1414 1473 parante

247 1484 362 1521 simili
392 1483 509 1521 modo
547 1484 771 1526 absumere,
809 1485 1037 1532 victumque
1075 1483 1296 1518 Antonium
1327 1495 1414 1531 pro-

246 1546 443 1580 nuntiavit
469 1545 599 1579 omine
626 1548 725 1579 rato.
780 1544 994 1578 comitatur
1018 1540 1125 1577 fama
1151 1543 1304 1577 unionis
1331 1543 1414 1577 eius

247 1615 397 1651 parem,
425 1608 543 1651 capta
565 1601 633 1637 illa
653 1607 793 1638 tantae
817 1602 1059 1650 quaestionis
1081 1601 1241 1636 victrice
1262 1601 1414 1649 regina,

390 1680 401 1698 ¹
426 1689 563 1710 omnem
580 1678 631 1709 hic
646 1678 660 1708 ?
677 1677 834 1718 sslayhoff
842 1690 850 1709 ε
874 1681 947 1708 ante
964 1680 1247 1718 apparatumque.

387 1722 399 1740 ²
423 1722 574 1753 centiens
590 1721 647 1753 HS
663 1721 738 1752 add.
754 1721 824 1752 edd.

387 1766 398 1783 ³
423 1764 578 1804 Jlayhoff
591 1763 644 1804 (cf.
662 1763 734 1794 viii.
753 1764 850 1803 183):
875 1765 1168 1803 consumpturam.

390 1809 402 1827 ⁴
424 1818 459 1838 se
475 1808 509 1838 in
525 1817 564 1838 ea
580 1817 663 1838 cena
678 1806 747 1838 edd.

287 1916 301 1931 ‘¹
325 1911 374 1952 Cf.
393 1910 445 1942 XI
462 1912 501 1941 14
517 1910 629 1942 nullus
644 1910 732 1950 perit
747 1910 816 1941 otio
831 1909 912 1941 dies.

290 1955 301 1973 '¹
324 1955 377 1986 No
390 1954 472 1985 such
485 1954 624 1994 vinegar
636 1954 758 1990 exists3
784 1952 965 1993 Cleopatra
978 1961 1022 1982 no
1034 1950 1144 1982 doubt
1155 1950 1343 1982 swallowed
1354 1950 1413 1982 the

243 1997 334 2039 pearl
352 1998 387 2028 in
404 1998 543 2037 vinegar
560 1997 718 2037 knowing
737 1995 816 2026 that
834 1996 862 2027 it
882 1994 981 2027 could
1000 1995 1041 2026 be
1058 1994 1237 2026 recovered
1254 1994 1340 2026 later
1357 2004 1410 2025 on.

244 2071 314 2104 244
