1482 2312
158 396 200 426 69

160 1135 196 1165 71

422 129 545 166 PLIN
552 130 584 166 Y
600 143 608 167 ε
659 129 919 166 NATURAL
954 126 1188 165 HISTORY

227 238 442 281 utcumque
457 231 608 268 rabiem
624 236 665 267 et
680 233 788 279 ipsae
804 233 993 267 sentiunt.
1047 229 1245 266 castrandi
1262 242 1387 279 genus

227 288 349 322 etiam
364 284 531 321 feminas
546 296 649 333 quae
662 283 768 320 bello
782 288 1070 332 praeparantur
1084 285 1290 319 inventum
1305 288 1387 320 est:

225 337 404 374 fortiores
420 340 476 373 ita
491 337 590 372 fiunt
604 339 709 372 coitu
725 342 883 386 negato.

275 390 441 426 XXVII.
471 390 623 426 Harum
641 389 773 438 aliqua
793 388 1006 425 similitudo
1036 391 1077 424 in
1100 388 1178 425 duo
1199 387 1388 425 transfer—

226 449 291 479 tur
308 442 504 480 animalia.
558 442 691 478 nabun
708 441 926 491 Aethiopes
944 447 1086 478 vocant
1103 441 1203 478 collo
1220 441 1388 478 similem

227 509 343 545 equo,
366 496 532 544 pedibus
556 501 598 531 et
620 495 795 531 cruribus
819 495 922 537 bovi,
944 494 1097 530 camelo
1119 496 1266 543 capite,
1289 494 1388 530 albis

226 549 403 592 maculis,
453 548 613 584 rutilum
662 547 833 584 colorem
882 547 1232 597 distinguenti-bus,
1282 546 1388 584 unde

225 601 428 650 appellata
439 600 780 649 camelopardalis,
795 600 999 637 dictatoris
1015 599 1194 637 Caesaris
1208 603 1389 637 circensi-

228 655 300 690 bus
343 654 442 690 ludis
485 656 655 702 primum
698 656 779 690 visa
822 652 983 689 Romae.
1039 666 1088 690 ex
1131 666 1178 689 eo
1220 653 1387 690 subinde

227 709 400 743 cernitur
412 712 574 755 aspectu
588 708 712 755 magis
727 718 845 755 quam
857 705 1019 742 feritate
1031 709 1254 755 conspicua,
1267 719 1388 756 quare

229 763 350 796 etiam
369 762 448 796 ovis
467 759 577 796 ferae
595 771 741 795 nornen
760 761 921 795 invenit.

277 812 466 849 XXVIII.
497 812 660 861 Pompei
682 812 820 861 Magni
839 814 1009 860 primum
1028 811 1108 848 ludi
1127 811 1388 848 ostenderunt

226 864 379 909 chama,
415 878 533 914 quem
570 864 677 901 Galli
711 864 852 901 rufium
888 864 1097 908 vocabant,
1132 864 1260 914 effigie
1294 864 1388 914 lupi,

225 918 435 967 pardorum
462 918 638 961 maculis,
664 917 784 954 iidem
811 930 859 954 ex
885 917 1100 966 Aethiopia
1125 931 1221 967 quas
1247 924 1388 954 vocant

226 971 400 1021 cephos‚1
424 984 589 1020 quarum
613 970 735 1020 pedes
759 973 994 1020 posteriores
1018 970 1184 1019 pedibus
1206 969 1388 1008 humanis

227 1031 268 1061 et
309 1024 498 1067 cruribus,
539 1027 686 1073 priores
728 1024 909 1060 manibus
950 1023 1061 1060 fuere
1102 1023 1260 1060 similes.
1313 1023 1387 1061 hoc

226 1077 372 1113 animal
390 1083 529 1126 postea
550 1077 673 1113 Roma
693 1089 771 1113 non
790 1076 899 1113 vidit.

276 1130 423 1166 XXIX.
453 1129 585 1166 Isdem
615 1129 715 1166 ludis
753 1135 794 1166 et
824 1129 1047 1166 rhinoceros
1078 1131 1192 1166 um’us
1222 1132 1263 1165 in
1292 1142 1387 1166 nare

225 1196 379 1227 cornus,
405 1183 530 1232 qualis
555 1196 674 1232 saepe
701 1185 814 1219 visus.
868 1182 971 1219 alter
994 1181 1056 1218 hie
1081 1185 1240 1232 genitus
1265 1181 1388 1219 hostis

226 1235 439 1285 elephanto
456 1249 575 1272 cornu
593 1236 642 1272 ad
660 1249 756 1272 saxa
772 1236 909 1272 limato
926 1241 1140 1285 praeparat
1156 1248 1199 1272 se
1215 1248 1388 1285 pugnae,

225 1291 264 1325 in
300 1289 553 1325 dimicatione
590 1289 721 1325 alvum
757 1291 930 1325 maxime
966 1294 1121 1337 petens,
1158 1301 1278 1338 quam
1314 1291 1387 1325 scit

226 1355 311 1378 esse
356 1342 585 1378 molliorem.
640 1341 845 1391 longitudo
892 1344 926 1378 ei
973 1354 1058 1391 par,
1102 1355 1216 1378 crura
1261 1341 1387 1378 multo

224 1395 416 1438 breviora,
434 1395 539 1431 color
556 1395 721 1431 buxeus.

276 1447 401 1484 XXX.
433 1447 587 1497 Lyncas
611 1448 728 1497 vulgo
751 1447 983 1497 frequentes
1007 1452 1048 1484 et
1070 1446 1256 1497 sphingas
1279 1446 1387 1484 fusco

225 1501 318 1549 pilo,
336 1504 516 1538 mammis
535 1504 575 1537 in
593 1507 754 1550 pectore
773 1503 955 1550 geminis,
974 1499 1187 1549 Aethiopia
1205 1506 1387 1550 generat,

225 1554 430 1603 multaque
462 1554 539 1590 alia
571 1556 755 1591 monstris
788 1553 944 1597 similia,
975 1556 1159 1603 pinnatos
1192 1566 1313 1602 equos
1345 1559 1386 1590 et

223 1607 404 1644 cornibus
447 1613 618 1644 armatos
662 1620 758 1656 quos
802 1619 970 1656 pegasos
1013 1612 1170 1650 vocant,
1210 1611 1385 1643 crocotas

530 1699 540 1716 ¹
567 1698 685 1738 κήπους
703 1698 878 1728 Ηανᾱοιιιή
895 1708 910 1729 e
928 1697 1079 1728 Diodoro.

322 1820 335 1834 ‘²
357 1815 427 1846 The
443 1815 569 1855 giraffe.

321 1858 332 1877 '³
355 1861 396 1888 55
412 1867 476 1888 ac.

325 1905 337 1919 ⁶
360 1900 512 1940 Possibly
531 1900 691 1931 baboons.

322 1942 337 1961 ‘¹
359 1943 429 1974 The
446 1942 567 1973 Indian
585 1943 718 1983 speeies.
765 1942 835 1973 The
854 1941 989 1973 African
1008 1942 1067 1972 has
1086 1946 1152 1973 two
1171 1942 1279 1973 horne.

324 1987 335 2000 ε’
356 1985 592 2015 Unidentified.

226 2057 269 2094 52
