1482 2312
422 101 609 139 PLINY:
660 102 921 139 NATURAL
956 100 1191 139 HISTORY

228 208 375 253 gantur
434 209 694 240 semenstrem
751 205 875 239 vitam
930 202 1136 239 excedere.
1190 202 1394 239 lacertae1

226 257 399 292 Arabiae
425 256 632 299 cubitales,
656 259 694 292 in
723 256 860 292 Indiae
886 269 979 292 vero
1007 255 1114 305 Nyso
1143 262 1279 292 monte
1304 268 1393 292 xxiv

229 312 267 345 in
298 309 588 357 longitudinem
620 309 781 358 pedum,
811 308 981 345 coloris²
1011 308 1106 344 fulvi
1137 314 1208 345 aut
1238 311 1395 358 punicei

226 368 294 398 aut
318 362 500 398 caerulei.

144 420 205 450 142
279 414 384 451 LXI.
414 415 475 451 Ex
506 414 565 452 his
598 427 756 464 quoque
788 414 1024 451 animalibus
1057 427 1160 463 quae
1191 414 1394 451 nobiscum

227 467 380 517 degunt
411 468 537 504 multa
567 474 659 504 sunt
688 470 850 517 cognitu
880 467 1015 517 digna,
1045 467 1395 517 fidelissimumque

229 527 323 557 ante
357 524 489 557 omnia
521 520 669 557 homini
703 523 810 557 canis
848 526 971 570 atque
1006 533 1142 570 equus.
1196 533 1395 571 pugnasse

229 574 415 610 adversus
458 574 632 610 latrones
674 587 815 610 canem
857 586 928 622 pro
971 573 1130 610 domino
1172 576 1395 623 accepimus

229 626 536 676 confectumque
548 627 675 676 plagis
688 640 711 662 a
722 639 884 675 corpore
897 639 975 663 non
988 629 1208 670 recessisse,
1219 627 1396 664 volucres

230 693 275 715 ac
305 680 409 716 feras
439 680 693 729 abigentem3
737 680 787 716 ab
818 679 895 716 alio
925 682 964 715 in
995 679 1115 728 Epiro
1145 682 1327 729 agnitum
1356 682 1397 716 in

228 739 427 769 conventu
452 746 723 782 percussorem
749 733 896 770 domini
920 732 1155 782 laniatuque
1181 738 1223 770 et
1247 733 1397 770 latratu

228 792 410 822 coactum
443 786 562 822 fateri
594 786 732 823 scelus.
788 786 1077 822 Garamantum
1110 799 1247 836 regem
1279 799 1397 823 canes

230 838 294 875 CC
323 839 372 875 ab
403 839 520 876 exilio
549 839 744 876 reduxere
773 839 956 888 proeliati
985 845 1124 876 contra
1151 842 1395 876 resistentes.

145 897 206 927 143
227 898 390 941 propter
435 892 543 928 bella
589 891 821 941 Colophonii
867 895 1046 942 itemque
1093 891 1396 930 Castabalenses

228 944 410 982 cohortes
430 958 573 982 canum
594 944 792 988 habuere3
826 944 902 982 hae
922 948 1074 995 primae
1094 945 1337 982 dimicabant
1357 948 1397 982 in

229 1001 312 1034 acie
349 1011 567 1048 numquam
602 998 890 1042 detrectantes,
925 998 1024 1035 haee
1060 1004 1175 1036 erant
1211 999 1398 1036 fidissima

229 1051 377 1087 auxilia
407 1065 480 1088 nec
511 1052 799 1101 stipendiorum
830 1052 978 1102 indiga.
1030 1065 1149 1089 canes
1180 1051 1398 1089 defendere

229 1103 396 1141 Cimbris
438 1108 562 1141 caesis
605 1105 744 1142 domus
787 1118 924 1141 eorum
965 1104 1151 1154 plaustris
1193 1108 1395 1154 inpositas.

227 1160 335 1194 canis
367 1157 508 1194 Iasone
541 1158 662 1208 Lycio
693 1158 906 1195 interfecto
936 1158 1068 1194 cibum
1097 1171 1240 1207 capere
1271 1158 1397 1195 noluit

229 1210 441 1260 inediaque
489 1217 746 1260 consumptus
796 1217 868 1248 est.
923 1214 954 1247 is
1002 1224 1095 1248 vero
1142 1214 1203 1248 cui
1253 1224 1397 1248 nomen

230 1264 405 1313 Hyrcani
427 1264 558 1301 reddit
582 1265 700 1301 Duris
729 1278 894 1301 accenso
923 1267 1026 1314 regis
1057 1264 1281 1314 Lysimachi
1302 1278 1398 1315 rogo

229 1319 363 1353 iniecit
410 1330 452 1354 se
499 1317 697 1361 flammae,
742 1318 1004 1367 similiterque
1051 1319 1233 1355 Hieronis
1281 1321 1395 1368 regis.

146 1375 207 1404 144
226 1376 423 1407 memorat
477 1377 518 1407 et
579 1371 775 1421 Pyrrhum
829 1370 990 1408 Gelonis
1042 1374 1203 1420 tyranni
1256 1384 1397 1408 canem

230 1423 438 1468 Philistus;
468 1430 712 1461 memoratur
738 1430 779 1461 et
806 1424 1031 1461 Nicomedis
1060 1423 1272 1474 Bithyniae
1294 1427 1397 1475 regis

230 1489 352 1513 uxore
371 1480 453 1513 eius
472 1477 659 1528 Consingi
676 1478 852 1514 lacerata
868 1483 1032 1527 propter
1048 1477 1291 1514 lasciviorem
1308 1491 1398 1514 cum

230 1532 373 1566 marito
409 1533 551 1567 iocum.
606 1530 713 1580 apud
749 1544 819 1567 nos
857 1530 1083 1567 Vulcatium
1121 1531 1294 1567 nobilem
1332 1533 1398 1581 qui

230 1582 466 1620 Cascellium
500 1587 558 1620 ius
587 1584 700 1621 civile
720 1584 854 1621 docuit
883 1590 1092 1621 asturcone
1122 1597 1144 1620 e
1172 1584 1398 1621 suburbano

230 1636 481 1680 redeuntem,
505 1650 595 1673 cum
619 1637 974 1687 advesperavisset,
997 1639 1104 1674 canis
1129 1650 1151 1673 a
1174 1643 1398 1687 grassatore

548 1756 559 1774 ¹
582 1755 727 1787 lacertae
738 1758 752 1787 ⁴?
770 1756 809 1788 M
813 1755 926 1796 ayhoff
938 1768 944 1787 :
969 1755 1095 1787 lacesti.

546 1798 558 1817 ²
581 1798 726 1830 coloris?
745 1799 900 1840 Mayhoff
911 1811 918 1830 ε
942 1798 1063 1830 colore.

627 1922 642 1935 ⁴²
665 1916 718 1948 An
736 1916 872 1948 African
891 1917 988 1950 tribe.

628 1958 640 1978 ⁶
663 1960 713 1991 Cf.
731 1962 745 2001 ἓ
763 1961 835 1992 166.

236 2033 303 2057 100
