1482 2312
163 323 201 354 31

162 771 203 802 32

162 1669 202 1699 33

427 138 617 177 PLINY:
666 137 928 176 NATURAL
962 136 1197 175 HISTORY

229 255 321 280 vero
342 241 493 279 tardius
517 254 565 278 ex
590 240 754 277 adverso
778 239 1000 283 referente3
1036 240 1107 276 sed
1130 246 1214 276 tum
1239 251 1398 290 quoque

229 319 424 368 inproviso
450 319 488 352 in
515 315 705 352 auxilium
726 314 909 351 advolare
932 314 1176 365 properant.¹
1231 319 1397 364 apparet

229 394 331 428 acies
356 404 458 441 quae
484 393 661 440 protinus
686 389 907 439 disponitur
931 392 971 425 in
995 388 1079 425 loco
1105 390 1170 425 ubi
1195 391 1398 425 coniectus

229 471 290 503 est
318 477 499 516 pugnae3
542 470 747 515 opponunt
768 477 854 501 sese
884 464 934 500 ab
964 463 1044 500 alto
1072 463 1330 514 trepidosque
1358 465 1397 499 in

230 540 330 577 vada
374 545 557 590 urguent.
613 545 699 576 tum
743 541 958 589 piscatores
1003 538 1254 575 circumdant
1298 540 1399 574 retia

228 614 426 665 furcisque
447 614 666 651 sublevant.
723 613 915 664 mugilum
935 612 1189 649 nihilominus
1210 612 1399 650 velocitas

228 689 421 733 transilit3
460 694 502 725 at
526 688 610 725 illos
637 690 840 738 excipiunt
866 686 1042 738 delphini
1069 693 1110 724 et
1136 687 1323 724 occidisse
1349 686 1399 723 ad

228 777 414 816 praesens
430 766 607 801 contenti
624 764 731 800 cibos
746 766 784 799 in
802 765 1007 799 victoriam
1023 761 1223 799 differunt.
1279 774 1399 812 opere

228 839 421 890 proelium
463 838 592 876 fervet
635 837 861 887 includique
905 838 1056 874 retibus
1100 850 1142 874 se
1186 836 1398 874 fortissime

230 920 446 965 urguentes
479 913 658 964 gaudent
679 926 738 957 ac,
759 925 808 949 ne
836 912 876 949 id
902 915 1031 963 ipsum
1058 910 1195 963 fugam
1221 911 1394 949 hostium

230 988 422 1033 stimulet,
443 992 548 1025 inter
569 990 726 1037 navigia
748 993 790 1024 et
811 990 912 1024 retia
933 992 1125 1024 nantesve
1140 986 1320 1024 homines
1341 988 1398 1024 ita

229 1066 374 1101 sensim
411 1062 622 1100 elabuntur
659 1068 703 1099 ut
748 1064 879 1099 exitus
915 1075 994 1099 non
1030 1064 1233 1112 aperiant;
1280 1060 1398 1106 saltu,

229 1138 336 1189 quod
374 1143 436 1175 est
482 1137 576 1174 alias
616 1137 930 1174 blandissimumi
975 1139 1020 1181 is,
1059 1136 1187 1174 nullus
1233 1141 1399 1174 conatur

230 1213 413 1257 evadere,
468 1215 505 1249 ni
561 1214 865 1249 summittantur
921 1212 992 1249 sibi
1050 1213 1162 1249 retia.
1219 1224 1399 1262 egressus

228 1290 407 1339 protinus
427 1293 520 1324 ante
539 1287 685 1324 vallum
704 1286 933 1337 proeliatur.
988 1288 1046 1324 ita
1057 1292 1222 1338 peracta
1233 1292 1400 1337 captura

229 1376 326 1413 quos
369 1365 608 1399 interemere
653 1362 855 1412 diripiunt.
912 1361 982 1398 sed
1026 1363 1210 1398 enixioris
1253 1374 1398 1412 operae

228 1450 348 1488 quam
364 1439 404 1473 in
422 1439 535 1474 unius
553 1436 630 1473 diei
649 1438 871 1487 praemium
889 1438 1032 1473 conscii
1049 1436 1121 1473 sibi
1140 1438 1400 1486 opperiuntur

228 1514 269 1549 in
285 1517 503 1563 posterum,
522 1525 594 1548 nec
612 1512 785 1562 piscibus
804 1517 964 1548 tantum
983 1510 1053 1549 sed
1072 1516 1113 1548 et
1131 1513 1270 1548 intrita
1286 1513 1399 1561 panis

229 1600 251 1625 e
270 1589 360 1624 vino
379 1589 585 1623 satiantur.

276 1661 325 1698 X.
355 1660 469 1707 Quae
495 1661 545 1698 de
572 1660 714 1698 eodem
740 1674 889 1712 genere
915 1660 1093 1712 piscandi
1117 1663 1159 1697 in
1184 1660 1287 1698 Iasio
1312 1663 1397 1698 sinu

231 1735 440 1773 Mucianus
478 1735 601 1773 tradit
636 1735 710 1773 hoc
747 1735 950 1780 differunt,
986 1735 1091 1786 quod
1128 1735 1231 1772 ultro
1267 1748 1398 1786 neque

229 1810 429 1848 inclamati
446 1816 606 1861 praesto
623 1813 701 1847 sint
719 1816 936 1861 partesque
955 1823 976 1847 e
1002 1810 1184 1847 manibus
1202 1812 1397 1860 accipiant

229 1890 271 1923 et
295 1898 409 1922 suum
434 1898 618 1935 quaeque
642 1885 785 1922 cumba
809 1898 831 1922 e
856 1884 1054 1936 delphinis
1077 1887 1226 1922 socium
1250 1884 1399 1923 habeat

309 1988 320 2006 ¹
344 1987 484 2019 Mueller
498 1999 505 2018 :
530 1987 695 2018 aduolant
711 1997 891 2029 properare
907 1991 963 2019 aza
980 1986 1143 2019 aduolant
1158 1997 1309 2029 propere.

231 2042 298 2085 184
