1482 2312
161 544 222 575 144

164 956 225 986 145

166 1660 228 1692 146

443 143 607 181 PLINY
624 157 632 181 ε
682 144 945 181 NATURAL
980 144 1215 182 HISTORY

244 247 419 284 occultat
436 249 602 297 piscium
621 249 687 296 qui
706 250 833 284 securi
851 253 1159 296 supernatantes
1177 248 1416 297 obtorpuere

243 308 469 354 corripiens.
524 304 639 342 huius
670 308 788 342 iecori
817 308 1012 343 teneritas
1042 306 1149 342 nulla
1180 306 1415 355 praefertur.

244 377 317 401 nec
353 367 479 400 minor
514 364 692 401 sollertia
725 377 847 401 ranae
884 377 986 414 quae
1022 367 1061 401 in
1097 367 1195 401 mari
1229 368 1416 414 piscatrix

245 428 429 459 vocatur:
486 425 704 459 eminentia
744 423 817 459 sub
856 423 978 459 oculis
1018 423 1216 459 cornicula
1255 423 1418 460 turbato

244 480 337 517 limo
390 484 532 524 exerit,
585 480 880 518 adsultantibus
932 481 1126 531 pisciculis
1179 481 1415 525 retrahens,¹

247 539 373 576 donec
398 545 480 576 tam
504 552 627 589 prope
652 539 845 577 accedant
869 545 915 577 ut
938 540 1107 577 adsiliat.
1163 540 1278 576 simili
1302 540 1419 578 modo

245 601 431 647 squatina
460 604 501 634 et
530 597 717 635 rhombus
746 598 872 635 abditi
900 601 1041 648 pinnas
1071 605 1229 635 exertas
1258 605 1419 635 movent

246 660 377 706 specie
421 657 738 701 vermiculorum,
779 659 878 694 item
920 670 1024 707 quae
1066 663 1257 694 vocantur
1298 660 1418 694 raiae.

245 728 337 751 nam
369 718 576 764 pastinaca
606 715 867 752 latrocinatur
899 728 948 753 ex
979 715 1135 753 occulto
1164 722 1420 753 transeuntes

245 774 369 810 radio.
385 773 492 824 quod
505 774 631 810 telum
649 780 709 811 est
726 777 775 818 ei,
791 774 916 824 figens
930 786 939 817 3
968 780 1207 824 argumenta
1221 774 1421 811 sollertiae

246 832 374 875 huius,
396 832 503 882 quod
522 832 736 869 tardissimi
756 835 923 882 piscium
947 832 985 869 hi
1011 833 1202 883 mugilem
1228 833 1421 870 velocissi-

246 905 356 928 mum
376 891 572 928 habentes
593 894 632 927 in
653 897 794 928 vent-re
814 894 1079 941 reperiuntur.

300 949 590 999 Scolopendrae
617 951 872 987 terrestribus
898 951 1044 988 similes
1073 964 1169 1000 quas
1189 950 1421 1000 centipedes

249 1015 390 1046 vocant
428 1008 546 1046 hamo
586 1009 776 1046 devorato
815 1012 947 1046 omnia
986 1012 1194 1046 interanea
1233 1015 1421 1046 evomunt

247 1068 373 1105 donec
393 1067 557 1104 hamum
578 1074 759 1118 egerant,
779 1068 925 1105 deinde
948 1068 1167 1105 resorbent.
1223 1073 1265 1105 at
1285 1068 1422 1117 vulpes

247 1129 424 1163 marinae
441 1126 556 1163 simili
576 1129 615 1162 in
633 1126 808 1176 periculo
825 1126 1023 1176 gluttiunt
1042 1126 1209 1176 amplius
1229 1139 1354 1176 usque
1372 1125 1422 1162 ad

248 1185 402 1222 infirma
440 1185 568 1222 lineae
607 1198 686 1235 qua
720 1184 836 1222 facile
874 1185 1128 1235 praerodant.
1165 1187 1319 1222 cautius
1356 1187 1420 1235 qui

247 1244 375 1294 glanis
394 1250 558 1281 vocatur
576 1257 731 1281 aversos
750 1244 907 1281 mordet
924 1243 1062 1281 hamos
1080 1257 1153 1281 nec
1170 1244 1336 1281 devorat
1353 1243 1423 1281 sed

249 1316 338 1340 esca
357 1303 512 1352 spoliat.

283 1361 497 1399 Grassatur
541 1365 641 1399 aries
687 1368 729 1398 ut
775 1361 891 1406 latro,
936 1368 978 1399 et
1022 1375 1125 1399 nunc
1169 1361 1422 1412 grandiorum

248 1423 407 1457 navium
435 1424 474 1457 in
501 1421 584 1457 salo
610 1424 803 1458 stantium
830 1420 1052 1458 occultatus
1078 1421 1219 1457 umbra
1245 1423 1276 1457 si
1304 1434 1422 1470 quem

248 1480 367 1516 nandi
405 1479 587 1529 voluptas
623 1482 766 1516 invitet
802 1486 1005 1529 expectat,
1041 1492 1144 1516 nunc
1174 1479 1280 1516 elato
1309 1485 1422 1516 extra

249 1551 392 1588 aquam
422 1541 554 1588 capite
583 1541 822 1588 piscantium
850 1539 1012 1575 cumbas
1041 1538 1269 1587 speculatur
1297 1537 1422 1574 occul—

248 1602 394 1647 tusque
415 1597 610 1634 adnatans
630 1599 787 1647 mergit.

304 1656 491 1693 LXVIII.
521 1656 719 1706 Equidem
748 1662 790 1693 et
817 1658 863 1693 iis
897 1659 1026 1697 inesse
1060 1669 1221 1693 sensum
1255 1656 1424 1692 arbitror

250 1727 353 1764 quae
380 1728 510 1765 neque
537 1714 767 1751 animalium
793 1727 924 1764 neque
950 1714 1137 1751 fruticum
1165 1714 1235 1751 sed
1260 1716 1423 1751 tertiam

398 1800 410 1820 ¹
434 1799 612 1831 retrahens
627 1803 685 1830 aut
699 1798 920 1841 praetrahens
935 1799 1005 1830 edd.
1022 1811 1029 1830 ε
1053 1799 1264 1840 pertrahens.

403 1908 415 1922 ‘¹
440 1902 629 1944 Obviously
644 1913 663 1934 a
677 1912 793 1939 worm,
810 1902 893 1934 such
906 1912 943 1934 as
956 1902 1085 1934 Eunice
1098 1912 1136 1934 or
1148 1902 1274 1934 Nereis.

404 1947 416 1965 ὓ
438 1945 609 1986 Probably
624 1945 778 1986 dog-fish.

405 1994 415 2008 ⁶
438 1988 609 2030 Probably
622 1999 643 2019 a
654 1988 805 2030 dolphin.

248 2052 317 2086 260
