1482 2312
147 716 187 745 84

149 1164 189 1193 85

413 157 577 194 PLINY
593 171 601 194 :
652 157 914 195 NATURAL
950 156 1184 194 HISTORY

212 259 478 310 appellantur,
495 259 587 296 dein
604 265 789 296 contecta
806 261 946 296 crustis
964 260 1164 303 tenuibus,
1182 264 1384 310 postremo

212 327 329 361 testis
366 323 550 360 conclusa
585 323 703 360 duris.
759 323 891 360 mollia
927 329 1019 360 sunt
1054 323 1201 373 lolligo,
1237 325 1385 373 saepia,

213 388 381 438 polypus
401 393 442 425 et
460 393 596 425 cetera
614 390 771 438 generis
786 390 880 424 eius.
936 386 995 424 his
1009 393 1130 437 caput
1143 389 1249 424 inter
1261 386 1384 437 pedes

213 458 255 488 et
290 457 485 496 ventrem,
518 451 690 502 pediculi
725 453 855 488 octoni
891 452 1083 488 omnibus.
1151 453 1311 501 saepiae
1346 455 1387 487 et

213 515 375 566 lolligini
397 515 520 566 pedes
541 515 620 553 duo
642 529 691 552 ex
712 515 772 552 his
793 515 1009 565 longissimi
1031 521 1073 552 et
1094 517 1222 564 asperi
1245 515 1388 564 quibus

214 579 264 616 ad
277 593 344 616 ora
358 580 573 616 admovent
589 580 695 616 cibos
710 585 751 616 et
768 582 807 615 in
824 579 1008 616 fluctibus
1025 592 1066 615 se
1083 578 1192 615 velut
1209 577 1388 615 anchoris

213 643 435 688 stabiliunt,
456 646 580 681 ceteri
597 643 612 666 1
634 646 721 680 cirri
745 644 887 693 quibus
909 648 1115 680 venantur.

265 707 386 744 XLV.
418 707 570 758 Lolligo
585 710 708 744 etiam
719 707 858 744 volitat
871 713 985 744 extra
997 720 1141 757 aquam
1153 720 1194 743 se
1207 705 1389 750 efferens,

214 771 319 822 quod
346 777 388 808 et
412 771 639 822 pectunculi
665 771 830 815 faciunt,
851 773 1023 822 sagittae
1054 770 1182 807 modo.
1240 772 1391 820 saepia-

215 850 302 872 rum
325 838 482 887 generis
506 849 635 873 mares
660 838 754 872 varii
779 841 821 872 et
844 837 1036 886 nigriores
1059 836 1390 883 constantiaeque

215 902 394 937 maioris:
451 913 662 951 percussae
705 899 881 936 tridente
925 898 1098 936 feminae
1134 898 1390 941 auxiliantur,

215 970 257 1001 at
275 963 425 1001 femina
441 967 521 1001 icto
539 977 648 1001 mare
667 964 783 1014 fugit.
839 964 956 1000 ambo
975 969 1126 1007 autem,
1144 963 1210 999 ubi
1231 974 1391 999 sensere

215 1041 257 1065 se
287 1027 549 1078 adprehendi,
579 1027 702 1065 effuso
732 1033 959 1064 atramento
981 1027 1087 1077 quod
1108 1040 1179 1077 pro
1199 1028 1392 1076 sanguine

215 1091 274 1129 his
295 1099 356 1129 est
374 1092 571 1130 infuscata
591 1105 694 1142 aqua
713 1091 1022 1129 absconduntur.

267 1157 411 1194 XLVI.
442 1157 683 1208 Polyporum
699 1157 827 1194 multa
843 1170 1004 1207 genera.
1060 1158 1207 1193 terreni
1226 1158 1393 1192 maiores

217 1235 337 1272 quam
374 1222 557 1272 pelagici.
613 1222 794 1258 omnibus
831 1220 1024 1257 bracchiis
1062 1226 1106 1257 ut
1143 1219 1311 1269 pedibus
1349 1232 1394 1255 ac

218 1287 399 1323 manibus
432 1292 614 1330 utuntur,
645 1285 773 1323 cauda
805 1299 911 1329 vero,
943 1298 1047 1335 quae
1079 1290 1139 1321 est
1171 1283 1321 1321 bisulca
1353 1289 1395 1320 et

218 1356 351 1394 acuta,
386 1353 426 1386 in
460 1353 580 1388 coitu.
638 1357 698 1387 est
733 1349 889 1400 polypis
926 1349 1058 1386 fistula
1093 1351 1131 1385 in
1167 1348 1283 1385 dorso
1317 1360 1394 1397 qua

217 1418 451 1452 tramittunt
474 1428 598 1458 mare,
615 1427 785 1464 eamque
801 1413 919 1450 modo
936 1416 975 1449 in
991 1413 1201 1450 dexteram
1224 1417 1396 1462 partem,

219 1479 336 1516 modo
370 1482 410 1515 in
445 1482 644 1516 sinistram
678 1478 939 1515 transferunt.
995 1483 1137 1514 natant
1172 1476 1320 1526 obliqui
1355 1478 1393 1512 in

218 1550 354 1593 caput,
369 1543 474 1593 quod
495 1543 738 1593 praedurum
755 1549 815 1579 est
832 1548 877 1579 ut
889 1541 904 1564 2
920 1542 1143 1579 sufflatione
1159 1540 1393 1578 viventibus.

218 1614 354 1644 cetero
375 1621 447 1657 per
468 1607 652 1644 bracchia
669 1607 778 1644 velut
801 1606 1021 1643 acetabulis
1043 1605 1228 1655 dispersis
1250 1603 1395 1641 haustu

220 1671 393 1721 quodam
420 1671 734 1709 adhaerescunt:
775 1676 918 1708 tenent
946 1673 1074 1719 supini
1104 1675 1147 1706 ut
1175 1668 1290 1706 avelli
1317 1681 1394 1705 non

220 1743 384 1786 queant.
441 1736 541 1773 vada
584 1749 662 1773 non
707 1734 1037 1784 adlbrehendunt3
1095 1739 1137 1770 et
1179 1733 1396 1783 grandibus

288 1823 299 1842 ¹
325 1822 492 1853 Rackham
508 1834 514 1853 :
540 1825 653 1853 cetera
670 1821 773 1859 (circa
791 1819 946 1861 Mayhofs
958 1819 999 1860 cs.
1019 1821 1076 1851 Ar.
1094 1818 1167 1860 περὶ
1183 1819 1219 1851 τὸ
1236 1818 1356 1857 κύτος).

285 1866 298 1884 ²
320 1869 360 1896 ut
376 1865 450 1896 add.
469 1864 645 1896 Harcloain
660 1864 732 1895 coll.
748 1864 929 1896 Aristotele.

268 1973 283 1987 ⁰
307 1967 469 1999 Aristotle
490 1968 580 1999 H.A.
597 1968 684 1999 524a
707 1968 746 1999 13
766 1968 814 1998 νεῖ
839 1966 874 1999 δὲ
894 1965 1029 2007 πλάγιος
1051 1963 1101 1997 ἐπὶ
1123 1964 1181 2005 τὴν
1200 1963 1397 2005 καλουμένην

226 2010 368 2051 κεφαλὴν
384 2010 536 2042 ἐκτείνων
551 2010 626 2044 τοὺς
641 2010 755 2044 πόδας.

222 2073 290 2108 218
