1482 2312
167 306 208 336 68

165 857 206 886 69

434 134 599 173 PLINY
613 149 622 172 z
673 135 934 172 NATURAL
970 134 1204 172 HISTORY

234 238 355 288 pluris
379 251 499 287 quam
527 240 594 287 qui
623 239 862 288 peritissime
891 249 1053 274 censum
1073 237 1222 274 domini
1246 240 1403 288 mergit.

234 299 397 337 mullum
414 311 508 336 Lxxx
528 298 716 336 librarum
736 301 775 334 in
791 301 889 334 mari
905 298 1039 334 Rubro
1054 304 1216 348 captum
1234 298 1405 336 Licinius

236 360 445 397 Mucianus
479 360 653 410 prodidit
687 362 826 409 quanti
859 364 1083 396 mercatura
1123 372 1213 396 eum
1252 358 1405 396 luxuria

233 422 467 458 suburbanis
486 421 666 458 litoribus
686 420 919 457 inventum?

284 483 455 519 XXXII.
484 483 557 519 Est
591 488 632 519 et
665 481 764 518 haec
798 487 941 518 natura
974 486 1018 518 ut
1052 481 1116 517 alii
1152 481 1242 518 alibi
1278 485 1403 531 pisces

233 546 497 594 principatum
519 545 742 593 optineant,
763 545 965 579 coracinus
985 544 1025 578 in
1046 542 1249 592 Aegypto,
1272 556 1402 587 zaeus,

232 605 338 642 idem
359 606 471 641 faber
491 604 729 654 appellatus,
746 604 938 647 Gadibus,
955 605 1058 640 eirca
1081 603 1258 640 Ebusum
1280 603 1401 654 salpa,

233 667 425 703 obscenus
454 666 544 702 alibi
574 671 616 702 et
644 668 711 715 qui
739 678 935 715 nusquam
962 667 1149 714 percoqui
1178 667 1303 714 possit
1331 667 1400 702 nisi

233 726 358 764 ferula
395 728 650 771 verberatus3
697 729 735 762 in
775 727 994 776 Aquitania
1039 725 1162 762 salmo
1204 725 1401 764 fluviatilis

231 791 390 825 marinis
415 789 596 825 omnibus
621 786 856 838 praefertur.

283 849 476 886 XXXIII.
511 848 680 885 Piscium
715 848 778 885 alii
815 847 1023 885 branchias
1058 847 1296 897 multiplices
1336 847 1399 884 ha-

232 911 344 955 bent,
358 910 421 947 alii
435 910 646 960 simplices,
660 909 723 946 alii
737 909 925 959 duplices.
980 908 1039 945 his
1053 922 1198 958 aquam
1212 911 1405 945 emittunt

231 978 437 1021 acceptam
491 985 569 1008 ore.
635 973 854 1008 senectutis
906 970 1095 1006 indicium
1149 983 1404 1020 squamarum

231 1033 390 1077 duritia,
414 1046 516 1082 quae
541 1046 619 1069 non
648 1038 740 1069 sunt
769 1032 950 1068 omnibus
980 1031 1137 1068 similes.
1195 1032 1274 1069 duo
1298 1031 1405 1068 lacus

233 1094 373 1131 Italiae
409 1096 447 1130 in
483 1094 680 1130 radicibus
717 1092 878 1142 Alpium
915 1092 1053 1129 Larius
1091 1098 1133 1129 et
1171 1093 1404 1130 Verbannus

232 1155 496 1206 appellantur,
513 1157 553 1191 in
571 1156 713 1204 quibus
730 1156 856 1204 pisces
875 1154 1056 1190 omnibus
1075 1156 1188 1190 annis
1206 1153 1404 1203 vergiliar-

232 1231 297 1253 um
331 1222 420 1253 ortu
454 1219 632 1253 existunt
665 1217 837 1265 squamis
870 1217 1068 1265 conspicui
1103 1215 1250 1251 crebris
1282 1220 1403 1264 atque

230 1280 468 1328 praeacutis,
492 1277 691 1314 clavorum
715 1276 944 1327 caligarium
970 1276 1114 1326 effigie,
1140 1289 1212 1312 nec
1237 1276 1403 1326 amplius

229 1342 332 1376 circa
366 1352 458 1376 eum
492 1352 671 1375 mensem
708 1341 897 1375 visuntur.

280 1401 464 1437 XXXIV.
498 1401 669 1437 Miratur
712 1405 754 1437 et
797 1399 967 1436 Arcadia
1007 1412 1121 1435 suurn
1166 1404 1403 1435 exocoetum

229 1462 473 1512 appellatum
497 1463 546 1499 ab
570 1475 616 1498 eo
639 1461 745 1512 quod
767 1463 807 1497 in
829 1463 975 1498 siccum
991 1463 1116 1497 somni
1133 1473 1252 1497 causa
1267 1466 1399 1497 exeat.

227 1526 330 1561 circa
350 1524 556 1560 Clitorium
577 1523 719 1560 vocalis
740 1522 802 1559 hic
823 1522 993 1558 traditur
1015 1527 1056 1558 et
1081 1523 1164 1558 sine
1190 1520 1402 1566 branchiis,

228 1585 334 1622 idem
359 1586 408 1622 ab
425 1584 439 1608 1
464 1585 603 1634 aliquis
628 1584 778 1621 Adonis
802 1584 944 1620 dietus.

279 1646 442 1683 XXXV.
472 1646 634 1683 Exeunt
666 1648 706 1681 in
739 1651 887 1682 terram
921 1650 962 1681 et
995 1647 1061 1694 qui
1095 1646 1234 1680 marini
1268 1656 1400 1682 mures

229 1714 419 1744 vocantur
447 1713 488 1744 et
516 1707 648 1757 polypi
678 1713 720 1743 et
747 1718 959 1749 murenae;
1001 1708 1096 1755 quin
1124 1711 1166 1742 et
1193 1707 1232 1741 in
1261 1705 1399 1743 Indiae

229 1769 455 1806 fluminibus
475 1775 628 1805 certum
650 1781 776 1818 genus
796 1770 977 1818 piscium,
994 1780 1037 1803 ac
1058 1766 1202 1803 deinde
1224 1766 1400 1803 resilit—

229 1844 321 1867 nam
337 1833 376 1867 in
392 1837 535 1881 stagna
552 1836 592 1867 et
609 1842 746 1866 amnes
766 1828 998 1866 transeundi
1020 1828 1217 1878 plerisque
1240 1828 1400 1865 evidens

638 1921 648 1940 ¹
672 1921 716 1952 ab
733 1921 806 1951 add.
824 1920 1001 1951 Raaelcham.

335 2014 348 2027 ⁶
371 2009 432 2041 See
447 2012 527 2040 note
542 2018 584 2039 on
602 2009 616 2048 ἓ
632 2009 684 2039 53.
883 2006 897 2025 ὓ
919 2006 1055 2037 Anabas
1071 2005 1245 2038 Scoenaelens.

231 2055 300 2091 208
