1482 2312
458 146 625 184 PLINY
639 160 648 184 :
699 147 962 184 NATURAL
999 147 1234 185 HISTORY

258 256 498 300 praeterque
528 252 566 286 in
594 249 770 286 clausula
797 253 964 300 gemitu,
986 249 1116 287 hieme
1138 253 1273 294 mutis,
1295 264 1318 287 a
1337 264 1430 289 vere

259 325 469 362 vocalibus.
524 324 704 375 Nigidius
742 331 874 374 putat,
911 338 1001 362 cum
1039 338 1112 362 ova
1160 326 1321 363 incubet
1357 327 1430 364 sub

259 406 382 443 tecto,
436 403 681 436 nominatam
735 399 965 449 palumbem
1018 400 1241 450 relinquere
1306 401 1429 439 nidos.

180 480 238 511 107
257 478 415 524 pariunt
434 481 570 511 autem
592 480 681 524 post
695 474 919 511 solstitium.
972 475 1178 512 columbae
1197 481 1239 513 et
1255 481 1432 513 turtures

260 553 410 587 octonis
463 553 574 586 annis
627 552 775 586 vivunt.
839 556 977 587 contra
1028 553 1176 600 passeri
1226 554 1432 588 minimum

260 628 380 665 vitae,
397 628 457 661 cui
476 625 661 661 salacitas
679 638 772 674 par:
803 639 932 662 mares
951 631 1151 675 negantur
1167 639 1270 663 anno
1285 626 1432 663 diutius

260 700 417 743 durare,
446 706 683 750 argumento
712 703 804 750 quia
833 700 943 737 nulla
971 704 1072 738 veris
1100 703 1212 738 initio
1241 707 1432 751 appareat

260 775 462 826 nigritudo
483 779 522 811 in
541 781 682 818 rostm,
707 788 810 825 quae
831 775 880 811 ab
901 781 1058 812 aestate
1081 778 1241 826 incipit3
1277 775 1433 814 feminis

179 856 240 887 108
258 850 545 900 longiusculum
574 853 758 900 spatium.
825 864 960 887 verum
992 851 1183 888 columbis
1215 854 1318 889 inest
1350 854 1434 902 qui-

259 926 352 963 dam
374 932 414 962 et
434 925 584 976 gloriae
604 926 855 963 intellectus:
891 939 1005 963 nosse
1024 926 1161 963 credas
1180 940 1269 964 suos
1286 927 1433 965 colores

260 1003 578 1050 varietatemque
614 1001 867 1050 dispositam3
917 1004 1011 1051 quin
1047 1004 1169 1038 etiam
1217 1015 1266 1039 ex
1300 1002 1433 1040 volatu

261 1079 485 1126 quaeritur:
521 1076 711 1125 plaudere
732 1079 771 1112 in
791 1076 903 1113 caelo
924 1080 1110 1126 varieque
1131 1077 1294 1114 sulcare.
1356 1091 1433 1128 qua

260 1154 299 1187 in
344 1154 613 1188 ostentatione
658 1157 701 1188 ut
746 1154 901 1188 vinctae
961 1152 1205 1201 praebentur
1246 1155 1434 1202 accipitri,

260 1226 457 1276 inplicatis
485 1230 655 1276 strepitu
683 1230 822 1276 pennis
853 1229 917 1276 qui
947 1240 1026 1263 non
1053 1230 1125 1264 nisi
1165 1230 1256 1277 ipsis
1283 1228 1433 1265 alarum

260 1305 405 1339 umeris
453 1302 626 1345 eliditur,
674 1301 848 1351 alioquin
897 1301 1025 1339 soluto
1084 1302 1219 1339 volatu
1265 1303 1433 1340 multum

262 1377 485 1414 velociores.
542 1377 770 1426 speculatur
821 1377 998 1414 occultus
1050 1377 1189 1414 fronde
1239 1377 1342 1415 latro
1393 1385 1433 1416 et

180 1458 240 1489 109
259 1452 505 1503 gaudentem
542 1455 580 1488 in
617 1455 701 1502 ipsa
736 1452 861 1502 gloria
897 1456 1012 1502 rapit.
1078 1453 1128 1490 ob
1164 1453 1203 1490 id
1240 1467 1329 1490 cum
1375 1453 1433 1491 his

261 1527 446 1564 habenda
464 1533 523 1564 est
541 1530 621 1564 aw's
639 1541 741 1577 quae
757 1527 1017 1577 tinnungulus
1034 1534 1220 1571 vocatur;
1250 1528 1430 1566 defendit

262 1606 366 1640 enim
394 1603 481 1639 illas
509 1609 716 1652 terretque
746 1606 953 1652 accipitres
981 1603 1155 1639 naturali
1184 1607 1367 1653 potentia
1394 1607 1433 1641 in

260 1684 419 1715 tantum
452 1683 496 1714 ut
529 1681 652 1714 visum
686 1690 902 1728 vocemque
935 1681 1017 1714 eius
1049 1677 1217 1728 fugiant.
1276 1678 1350 1716 hac
1382 1679 1432 1717 de

261 1766 379 1790 causa
410 1755 644 1802 praecipuus
672 1753 862 1789 columbis
891 1766 1000 1789 amor
1027 1766 1177 1796 eorum,
1205 1753 1433 1804 feruntque,

261 1831 292 1865 si
331 1831 370 1864 in
409 1834 599 1878 quattuor
637 1828 791 1878 angulis
829 1827 1085 1865 defodiantur
1124 1831 1162 1864 in
1201 1828 1287 1866 ollis
1324 1833 1432 1867 novis

262 1903 408 1946 oblitis,
432 1916 509 1938 non
534 1909 690 1939 mutare
714 1902 849 1939 sedem
880 1903 1082 1940 columbas
1113 1903 1234 1952 (quod
1264 1910 1305 1941 et
1337 1918 1432 1942 auro

262 1981 421 2015 insectis
442 1978 593 2015 alarum
615 1978 788 2015 articulis
811 1981 1041 2028 quaesivere
1063 1978 1199 2029 aliqui,
1220 1992 1297 2016 non
1318 1980 1433 2018 aliter

261 2072 332 2118 360
