1482 2312
153 312 214 343 159

155 889 166 919 l
175 890 216 919 60

157 1178 214 1208 161

437 131 624 170 PLINY:
675 133 936 170 NATURAL
972 134 1209 172 HISTORY

236 235 432 286 palumbis
481 236 643 272 incubat
692 234 842 273 femina
890 243 980 286 post
1028 237 1319 275 meridianam1
1370 241 1410 275 in

237 310 495 351 matutinum,
523 313 658 344 cetero
686 321 782 344 mas.
837 307 1044 346 columbae
1073 322 1224 346 marem
1254 323 1412 360 semper

237 385 277 415 et
327 378 515 416 feminam
564 382 736 429 pariunt,
784 382 956 429 priorem
1004 393 1168 425 marem,
1217 382 1409 431 postridie

236 450 437 487 feminam.
493 452 684 488 incubant
698 453 738 487 in
753 464 800 488 eo
814 465 962 502 genere
978 453 1108 497 ambo,
1122 453 1297 490 interdiu
1311 467 1409 498 mas,

235 529 356 559 noctu
375 522 535 559 femina.
592 523 809 560 excludunt
829 537 877 560 xx
897 524 976 569 die,
995 526 1155 574 pariunt
1181 538 1204 561 a
1230 528 1336 562 coitu
1362 525 1408 562 V.

236 601 391 632 aestate
439 595 600 645 quidem
651 595 852 632 interdum
898 597 999 633 bim's
1046 597 1247 634 mensibus
1294 603 1409 635 terna

237 667 413 704 educunt
440 669 564 717 paria,
590 681 763 717 namque
791 681 887 704 n'm
916 668 980 705 die
1011 668 1228 706 excludunt
1256 672 1408 706 statim-

237 752 314 789 que
348 741 597 789 concipiunt;
645 753 767 790 quare
800 742 904 777 inter
936 740 1062 790 pullos
1095 754 1215 791 saepe
1250 754 1323 778 ova
1354 743 1410 778 in-

238 813 450 848 veniuntur
493 817 535 848 et
577 811 641 848 alii
684 811 905 862 provolant,
949 812 1012 849 alii
1056 819 1281 863 erumpunt,
1336 816 1408 863 ipsi

240 883 385 920 deinde
421 883 515 933 pulli
554 886 926 934 quinquemenstres
963 883 1170 922 fetificant.
1225 891 1267 922 et
1301 887 1410 936 ipsae

237 961 373 992 autem
391 958 496 992 inter
513 969 569 1000 se,
587 959 619 993 si
635 970 719 992 mas
738 969 816 993 non
834 959 898 1001 sit,
917 956 1088 994 feminae
1107 970 1234 1008 aeque
1252 957 1410 1002 saliunt,

238 1030 478 1078 pariuntque
502 1042 576 1065 ova
597 1031 716 1065 inrita
739 1041 787 1065 ex
813 1030 954 1079 quibus
977 1028 1073 1065 nihil
1095 1032 1285 1080 gignitur,
1308 1043 1410 1080 quae

236 1099 477 1151 hypenemia
498 1100 640 1138 Graeci
660 1107 814 1138 vocant.

288 1172 393 1210 Pavo
433 1187 456 1210 a
494 1176 659 1210 trimatu
699 1176 816 1224 parit.
874 1176 999 1223 primo
1039 1187 1141 1210 anno
1181 1188 1303 1211 unum
1342 1181 1411 1212 aut

237 1245 407 1282 alterum
440 1259 570 1290 ovum,
604 1248 787 1295 sequenti
823 1252 1019 1296 quaterna
1051 1249 1234 1296 quinave‚
1267 1249 1409 1284 ceteris

236 1318 433 1362 duodena,
484 1332 561 1355 non
612 1318 792 1368 amplius,
842 1320 1113 1355 intermittens
1163 1320 1274 1356 binos
1324 1319 1410 1356 dies

236 1397 419 1428 ternosve
452 1393 570 1441 parit,
603 1397 643 1428 et
676 1397 738 1428 ter
770 1404 886 1435 anno,
919 1393 949 1427 si
980 1391 1135 1441 gallinis
1167 1393 1410 1429 subiciantur

238 1463 472 1500 incubanda.
527 1476 656 1500 mares
690 1476 737 1500 ea
770 1462 961 1514 frangunt
994 1463 1190 1500 desiderio
1223 1465 1410 1501 incuban-

238 1538 360 1579 tium3
395 1542 638 1586 quapropter
659 1542 779 1572 noctu
800 1541 841 1572 et
861 1538 900 1571 in
920 1535 1083 1572 latebris
1102 1538 1262 1586 pariunt
1283 1543 1352 1573 aut
1371 1539 1410 1573 in

238 1608 393 1645 excelso
420 1609 627 1652 cubantes,
655 1614 695 1644 et
724 1611 795 1644 nisi
823 1607 928 1645 molli
957 1614 1083 1645 strato
1110 1614 1281 1658 excepta
1307 1608 1411 1646 fran-

237 1687 396 1732 guntur.
452 1694 580 1718 mares
607 1680 749 1731 singuli
778 1683 905 1730 quinis
932 1681 1130 1717 sufficiunt
1156 1681 1409 1731 coniugibus3

238 1767 327 1790 cum
347 1753 525 1804 singulae
547 1759 616 1790 aut
636 1754 753 1790 binae
774 1752 899 1797 fuere,
920 1755 1184 1803 corrumpitur
1203 1753 1410 1791 salacitate

238 1825 472 1862 fecunditas.
527 1831 663 1875 partus
701 1825 924 1862 excluditur
961 1825 1100 1862 diebus
1136 1831 1199 1862 tei·
1235 1828 1410 1870 novenis,

238 1904 306 1935 aut
325 1898 475 1935 tardius
494 1900 731 1934 tricensimo.

590 1989 602 2007 ¹
627 1988 806 2029 Mayhoff?
822 2001 828 2020 :
855 1988 1051 2020 meridiana.

237 2064 306 2099 394
