1482 2312
152 626 212 657 183

153 1183 214 1214 184

154 1739 215 1770 185

432 169 598 208 PLINY
612 184 620 207 :
671 169 934 208 NATURAL
969 168 1204 207 HISTORY

233 273 548 324 demnatumque
569 273 680 310 addit
700 273 909 310 Mucianus
930 275 1143 310 aestimata
1161 272 1245 310 lite.
1298 271 1406 309 idem

233 343 409 387 anthiae,
427 357 518 380 cum
537 357 660 380 unum
677 343 795 380 hamo
814 345 943 380 teneri
963 342 1148 385 viderint,
1167 344 1287 391 spinis
1308 355 1405 392 quas

232 416 273 449 in
294 413 409 450 dorso
431 419 603 450 serratas
625 412 775 449 habent
799 412 945 449 lineam
967 425 1101 449 secare
1123 411 1338 449 traduntur
1360 424 1407 448 eo

234 486 299 532 qui
319 488 508 519 teneatur
528 482 774 519 extendente
794 487 839 519 ut
858 481 1031 531 praecidi
1051 484 1186 530 possit.
1242 486 1285 518 at
1303 483 1409 517 inter

233 566 366 602 sargos
388 555 470 601 ipse
492 555 557 602 qui
577 557 740 589 tenetur
760 551 810 588 ad
830 550 1008 600 scopulos
1029 550 1175 587 lineam
1194 553 1302 587 terit.

288 620 508 658 LXXXVI.
538 621 704 658 Praeter
728 620 826 658 haec
852 620 977 657 claros
1004 622 1201 669 sapientia
1228 625 1408 656 auctores

234 691 348 728 video
377 694 508 727 mirari
537 690 695 728 stellam
724 693 764 727 in
792 693 913 727 mari:
955 703 1003 726 ea
1033 690 1157 740 figura
1186 696 1261 733 est,
1289 702 1409 739 parva

234 760 449 798 admodum
473 774 564 797 caro
589 763 709 804 intus,
736 766 851 797 extra
871 759 1028 797 duriore
1048 758 1161 796 callo.
1215 758 1305 795 huic
1326 764 1409 795 tam

235 833 396 880 igneum
432 829 627 867 fervorem
665 843 750 867 esse
787 829 952 866 tradunt
989 835 1033 865 ut
1069 831 1200 865 omnia
1236 831 1276 864 in
1312 831 1408 864 mari

235 905 419 937 contacta
465 900 622 944 adurat,
668 912 827 936 ornnem
873 899 1005 935 cibum
1051 901 1188 935 statim
1229 903 1409 948 peragat.

236 969 377 1019 quibus
410 972 460 1006 sit
493 969 566 1006 hoc
599 972 803 1019 cognitum
838 970 1121 1018 experimentis
1154 966 1263 1005 haud
1294 966 1410 1004 facile

235 1039 417 1082 dixerim,
441 1039 647 1089 multoque
671 1038 964 1075 memorabilius
994 1037 1175 1074 duxerim
1192 1036 1206 1060 1
1235 1036 1275 1073 id
1303 1039 1412 1073 cuius

236 1108 465 1158 experiendi
486 1108 631 1145 cotidie
650 1110 801 1145 occasio
821 1114 893 1145 est.

290 1178 532 1215 LXXXVII.
563 1177 811 1215 Concharum
837 1191 858 1214 e
883 1190 1031 1228 genere
1056 1182 1148 1213 sunt
1173 1176 1336 1226 dactyli,
1361 1176 1410 1212 ab

235 1247 498 1284 humanorum
544 1250 737 1298 unguium
787 1246 1044 1284 similitudine
1093 1245 1298 1295 appellati.
1353 1244 1412 1282 his

235 1324 378 1355 natura
400 1320 439 1354 in
460 1318 636 1355 tenebris
658 1322 812 1354 remoto
833 1316 982 1353 lumine
1004 1316 1080 1352 alio
1102 1315 1256 1366 fulgere
1277 1315 1414 1359 claro,2

237 1393 277 1424 et
316 1393 466 1437 quanto
500 1390 626 1437 magis
666 1400 845 1423 umorem
884 1385 1060 1423 habeant
1099 1385 1231 1422 lucere
1271 1387 1311 1421 in
1344 1398 1411 1421 ore

236 1456 527 1500 mandentium,
551 1456 681 1493 lucere
706 1459 745 1492 in
768 1456 950 1492 manibus
974 1461 1097 1505 atque
1122 1457 1244 1492 etiam
1268 1456 1308 1490 in
1331 1454 1413 1491 solo

236 1539 281 1562 ac
310 1532 421 1563 veste
444 1526 722 1563 decidentibus
750 1528 889 1575 guttis,
910 1531 955 1562 ut
975 1524 1110 1574 procul
1130 1524 1251 1561 dubio
1270 1529 1411 1573 pateat

238 1598 317 1632 suci
344 1596 454 1632 illam
482 1601 668 1632 naturam
698 1608 783 1632 esse
813 1608 933 1644 quam
961 1597 1194 1631 miraremur
1223 1595 1345 1631 etiam
1373 1595 1412 1629 in

236 1678 410 1714 corpore.

291 1734 555 1771 LXXXVIII.
603 1733 703 1771 Sunt
785 1740 827 1771 et
912 1735 1205 1770 inimicitiarum
1291 1738 1414 1782 atque

236 1804 469 1841 concordiae
507 1803 707 1840 miracula.
761 1803 886 1853 mugil
924 1809 965 1840 et
1003 1802 1117 1852 lupus
1151 1808 1291 1839 mutuo
1325 1801 1414 1838 odio

237 1873 422 1924 flagrant,
443 1886 591 1923 conger
612 1880 652 1910 et
675 1886 854 1917 murena,
876 1872 1045 1910 caudam
1067 1874 1172 1909 inter
1192 1885 1234 1909 se
1256 1883 1414 1921 praero-

444 1958 457 1978 ²
480 1958 600 1990 Galen:
625 1958 777 1990 dicerim.
999 1957 1012 1976 ²
1034 1957 1088 1989 v.l.
1104 1956 1204 1988 clare.

656 2049 670 2063 ‘⁸
693 2044 713 2075 I
718 2055 753 2076 .e.
773 2044 832 2076 the
850 2043 1013 2076 star-fish.

236 2091 305 2127 286
