1482 2312
145 253 206 283 194

145 743 205 772 195

143 1232 204 1262 196

425 144 590 182 PLINY
604 158 613 182 :
663 145 697 182 N
702 145 926 183 ATURAL
961 145 1195 184 HISTORY

278 247 458 284 LXXIV.
489 247 642 283 Lanam
668 250 708 283 in
733 247 819 284 colo
847 253 888 284 et
913 247 1000 284 fuso
1026 248 1268 297 Tanaquilis,
1295 262 1397 298 quae

229 308 369 345 eadem
409 307 509 344 Gaia
547 308 720 344 Caecilia
752 314 892 345 vocata
924 315 999 352 est,
1030 311 1070 344 in
1100 309 1252 358 templo
1282 309 1396 346 Sanci

228 369 390 406 durasse
411 369 606 419 prodente
627 382 668 406 se
690 375 827 406 auctor
847 375 907 406 est
931 369 988 406 M.
1011 369 1148 414 Varro,
1168 369 1397 421 factamque

228 431 278 466 ab
307 444 354 467 ea
380 437 518 480 togam
546 433 697 480 regiam
726 430 961 467 undulatam
988 434 1028 466 in
1055 431 1155 468 aede
1184 431 1397 476 Fortunae,

229 505 307 541 qua
353 491 434 529 Ser.
482 491 632 528 Tullius
678 491 811 528 fuerat
858 505 962 528 usus.
1018 492 1109 529 inde
1155 492 1307 529 factum
1353 499 1398 530 ut

227 553 426 589 nubentes
447 555 617 603 virgines
638 556 897 589 comitaretur
916 553 1024 590 colus
1045 559 1205 602 compta
1227 560 1269 591 et
1289 553 1398 591 fusus

226 627 316 650 cum
355 617 538 651 stamine.
594 627 643 650 ea
680 617 808 663 prima
846 617 978 650 texuit
1017 620 1169 651 rectam
1207 618 1398 660 tunicam,

228 675 353 724 qualis
377 689 466 712 cum
499 681 596 724 toga
627 688 727 724 pura
758 678 907 712 tirones
941 675 1160 712 induuntur
1192 689 1398 726 novaeque

226 742 388 782 nuptae.
443 736 637 773 undulata
691 739 810 773 vestis
864 739 991 785 prima
1044 732 1075 773 e*
1117 737 1398 775 laudatissimis

227 798 302 834 fuit
316 810 324 841 3
350 798 442 834 inde
454 797 710 834 sororiculata
722 797 902 834 defluxit.
961 805 1077 848 togas
1088 812 1196 835 rasas
1208 798 1398 849 Phryxia-

226 872 377 908 nasque
404 859 481 896 divi
508 860 680 909 Augusti
706 862 924 896 novissimis
950 860 1196 908 temporibus
1221 863 1398 909 coepisse

226 921 360 957 scribit
378 920 617 957 fenestella.
670 920 833 956 crebrae
848 927 1117 969 papaveratae
1133 924 1397 971 antiquiorem

226 981 377 1018 habent
403 984 596 1031 originem
621 984 701 1017 iam
728 982 778 1017 ab
807 981 957 1018 Lucilio
983 988 1104 1031 poeta
1129 985 1169 1018 in
1195 982 1397 1032 Torquato

227 1049 404 1079 notatae.
459 1048 697 1092 praetextae
724 1043 831 1092 apud
858 1043 1045 1080 Etruscos
1072 1047 1265 1094 originem
1292 1047 1398 1081 inve-

226 1117 333 1141 nere.
388 1104 537 1140 trabeis
559 1117 648 1140 usos
670 1107 819 1153 accipio
840 1117 978 1154 reges;
1013 1108 1146 1154 pictae
1167 1111 1297 1142 vestes
1317 1108 1397 1142 iam

226 1165 332 1214 apud
352 1166 569 1202 Homerum
590 1171 682 1202 sunt
701 1168 760 1209 iis,
780 1171 821 1202 et
841 1165 932 1202 inde
949 1166 962 1188 1
982 1165 1243 1215 triumphales
1261 1173 1395 1203 natae.

225 1240 298 1263 acu
321 1226 452 1263 facere
475 1227 515 1263 id
538 1226 716 1276 Phryges
739 1229 990 1271 invenerunt,
1012 1227 1183 1277 ideoque
1208 1227 1397 1278 Phrygio-

225 1291 315 1324 niae
354 1288 582 1337 appellatae
621 1293 725 1324 sunt.
781 1301 920 1324 aurum
958 1291 1140 1325 intexere
1178 1292 1218 1325 in
1256 1289 1397 1326 eadem

226 1350 321 1386 Asia
359 1352 510 1386 invenit
548 1349 710 1386 Attalus
749 1362 832 1393 rex,
871 1349 976 1386 unde
1014 1363 1160 1387 nomen
1197 1350 1395 1388 Attalicis.

225 1411 374 1447 colores
399 1411 572 1447 diversos
596 1413 777 1460 picturae
801 1414 983 1448 intexere
1006 1410 1186 1461 Babylon
1209 1425 1396 1449 maxume

225 1472 442 1508 celebravit
476 1478 516 1508 et
549 1485 693 1508 nomen
726 1474 912 1521 inposuit.
967 1472 1144 1521 plurimis
1177 1486 1269 1510 vero
1300 1473 1396 1511 liciis

224 1539 364 1570 texere
386 1546 488 1583 quae
507 1533 701 1583 polymita
721 1533 926 1582 appellant
946 1533 1191 1571 Alexandria
1209 1537 1396 1579 instituit,

224 1594 387 1631 scutulis
409 1594 585 1631 dividere
608 1594 748 1632 Gallia.
806 1594 998 1632 Metellus
1019 1594 1148 1644 Scipio
1168 1595 1396 1635 tricliniaria

224 1655 466 1706 Babylonica
503 1658 732 1692 sestertium
770 1659 1010 1706 octingentis
1047 1656 1205 1694 milibus
1243 1660 1394 1696 venisse

224 1720 304 1753 iam
347 1723 443 1754 tunc
487 1720 599 1766 ponit
643 1719 682 1752 in
727 1716 930 1766 Capitonis
949 1717 964 1740 2
1005 1718 1247 1762 criminibus,
1291 1732 1394 1771 quae

486 1798 498 1817 ²
522 1797 697 1838 Mayhoff:
724 1798 912 1829 Homerum
928 1798 1031 1829 fuisse
1045 1799 1145 1830 unde.

485 1841 497 1859 ²
521 1842 720 1871 Caesareas:
746 1841 896 1872 Catonis.

223 1970 229 1977 ι
265 1931 279 1946 ‘²
302 1927 368 1957 For
381 1926 442 1975 the
458 1937 516 1957 use
534 1926 568 1956 of
585 1930 805 1999 polffiyX-{Sgem
821 1925 905 1957 fibre
921 1926 1033 1957 mixed
1050 1927 1132 1958 with
1149 1926 1216 1958 fiax
1234 1927 1268 1958 in
1283 1938 1391 1959 weav-

221 1980 287 2031 mgb,
305 1969 713 2043 ffeffilvleefflsssssgigffis-ode
731 1971 811 2042 {bh
831 2012 939 2043 battle
957 2022 1081 2050 scenas,
1100 2012 1158 2044 Od.
1177 2014 1206 2044 3.
1227 2014 1299 2044 125.

230 2060 296 2106 136
