1482 2312
170 790 211 820 85

173 1304 214 1334 86

176 1755 215 1785 87

431 165 597 203 PLINY
612 180 620 203 ι
671 166 933 204 NATURAL
969 165 1204 204 HISTORY

233 281 353 319 quam
386 269 528 319 quibus
559 268 653 305 olim
685 271 871 319 armigeri
900 268 1158 318 parabantur.
1211 270 1290 306 scio
1321 266 1401 305 HS.

232 346 273 370 Vl
300 332 512 370 candidam
535 332 724 382 alioquin,
747 333 854 383 quod
881 339 941 370 est
973 345 1097 383 prope
1123 332 1401 376 invisitatum,1

232 400 388 434 venisse
422 410 525 447 quae
559 397 806 447 Agrippinae
840 396 995 434 Claudii
1027 399 1214 446 principis
1246 398 1403 446 coniugi

233 461 338 499 dono
387 461 562 498 daretur.
616 464 742 498 visum
789 464 871 497 iam
919 474 1040 511 saepe
1088 464 1213 498 iussas
1260 473 1404 497 canere

233 529 411 576 coepisse
431 532 472 562 et
490 539 581 562 cum
599 525 836 575 symphonia
854 525 1088 569 alternasse,
1106 528 1208 562 sicut
1225 523 1404 561 homines

234 596 414 640 repertos
452 593 519 640 qui
557 602 698 626 sonum
735 603 873 626 earum
910 589 1049 626 addita
1084 592 1124 625 in
1160 594 1405 626 transversas

233 654 475 691 harundines
513 667 617 704 aqua
652 653 880 690 foramina2
916 656 1154 703 inspirantes
1190 651 1405 703 linguave³

234 731 356 768 parva
395 718 528 768 aliqua
567 721 750 767 opposita
789 731 900 754 mora
939 717 1153 754 indiscreta
1191 716 1406 754 redderent

236 783 507 820 similitudine.
562 782 634 819 sed
688 782 764 819 hae
818 787 961 819 tantae
1015 787 1181 831 tamque
1236 780 1407 818 artifices

236 850 419 897 argutiae
463 860 486 883 a
529 860 578 884 xv
613 847 753 884 diebus
786 846 983 896 paulatim
1017 846 1330 883 desinunt—nec
1362 850 1408 882 ut

235 911 428 961 fatigatas
448 915 572 961 possis
594 912 726 949 dicere
743 917 812 947 aut
828 913 1020 954 satiatas3
1048 923 1141 946 mox
1157 915 1271 946 aestu
1291 914 1408 946 aucto

236 978 276 1012 in
292 981 426 1012 totum
443 975 521 1012 alia
537 990 613 1013 vox
632 976 689 1020 fit,
707 989 780 1012 nec
797 974 1004 1012 modulata
1021 980 1090 1011 aut
1108 977 1227 1011 varia.
1279 978 1409 1010 muta-

235 1046 302 1077 tur
339 1046 381 1077 et
416 1040 535 1084 color,
570 1046 772 1090 postremo
819 1039 950 1076 hieme
986 1041 1071 1088 ipsa
1107 1051 1187 1075 non
1221 1040 1408 1075 cernitur.

236 1104 380 1154 linguis
421 1118 558 1141 earum
596 1107 775 1141 tenuitas
813 1104 883 1140 illa
920 1106 1048 1153 prima
1086 1116 1165 1139 non
1206 1108 1266 1139 est
1306 1115 1409 1152 quae

237 1172 381 1206 ceteris
410 1170 558 1206 avibus.
613 1171 774 1219 pariunt
804 1181 896 1205 vere
924 1170 1051 1217 primo
1079 1180 1169 1203 cum
1196 1166 1409 1216 plurimum

237 1246 333 1270 sena
353 1246 438 1270 ova.

289 1297 434 1334 XLIV.
463 1298 553 1334 Alia
591 1300 692 1334 ratio
732 1296 923 1340 ficedulis,
960 1309 1054 1332 nam
1090 1295 1258 1332 formam
1295 1294 1411 1332 simul

238 1362 491 1412 coloremque
520 1368 703 1405 mutant3
746 1361 820 1398 hoc
849 1373 996 1397 nomen
1025 1365 1217 1397 autumno
1245 1358 1411 1403 habent,

238 1432 380 1476 postea
426 1425 724 1476 melancoryphi
771 1431 974 1462 vocantur.
1034 1427 1087 1461 sic
1130 1430 1172 1461 et
1214 1422 1411 1460 erithacus

240 1490 385 1535 hieme,
407 1491 514 1528 idem
535 1490 799 1540 phoenicurus
822 1495 991 1526 aestate.
1045 1494 1178 1525 mutat
1200 1494 1241 1525 et
1263 1500 1412 1537 upupa,

240 1560 285 1592 ut
308 1555 433 1592 tradit
458 1554 678 1605 Aeschylus
702 1560 837 1604 poeta,
861 1554 1032 1590 obscena
1056 1553 1151 1589 alias
1175 1557 1294 1602 pastu
1317 1554 1412 1596 avis,

239 1622 359 1656 crista
380 1619 543 1656 visenda
565 1619 733 1669 plicatili
753 1617 993 1655 contrahens
1015 1630 1104 1654 eam
1124 1617 1411 1667 subrigensque

240 1697 312 1733 per
332 1683 624 1734 longitudinem
646 1685 799 1733 capitis.

295 1748 416 1785 XLV.
447 1747 661 1785 Oenanthe
678 1747 839 1797 quidem
856 1749 979 1783 etiam
994 1752 1121 1783 statos
1132 1745 1313 1782 latebrae
1329 1744 1413 1782 dies

241 1811 387 1849 habet:
426 1815 633 1849 exoriente
657 1815 748 1849 sirio
772 1811 973 1848 occultata
996 1810 1046 1847 ab
1070 1823 1211 1847 occasu
1235 1808 1412 1846 eiusdem

300 1893 313 1912 ²
335 1892 388 1925 v.l.
408 1893 609 1924 inusitatam
628 1892 686 1931 (of.
707 1893 721 1930 ξ
739 1893 825 1931 132).
954 1890 967 1909 ²
990 1890 1179 1922 Raclcham:
1203 1889 1369 1920 foramen.

663 1935 676 1954 ³
700 1934 755 1965 v.l.
768 1933 957 1974 linguaeve.

499 2042 514 2057 ⁰
538 2038 590 2068 Fr.
609 2037 736 2078 quoted
751 2036 807 2068 Ar.
826 2037 916 2067 Hist.
930 2036 997 2067 An.
1014 2036 1098 2067 633a
1116 2036 1164 2066 19.

242 2094 311 2140 346
