1482 2312
138 683 179 713 43

141 1032 183 1061 44

145 1451 187 1480 45

390 153 557 193 PLINY
570 168 579 193 :
631 154 894 193 NATURAL
931 153 1167 192 HISTORY

198 258 435 296 tetralicenl
465 257 684 307 appellant,
722 257 887 294 Euboea
925 260 1105 308 sisyrum,
1144 264 1368 309 putantque

200 329 339 378 apibus
358 340 442 365 esse
459 330 738 378 gratissimam,
754 327 930 364 fortassis
948 330 1040 378 quia
1056 333 1151 365 tunc
1168 328 1277 365 nulla
1292 328 1369 365 alia

201 400 252 435 sit
288 400 413 447 copia.
466 396 564 433 haec
603 410 697 447 ergo
735 396 914 434 mellatio
953 397 1030 434 fine
1068 397 1290 435 vindemiae
1327 403 1370 435 et

202 467 463 517 Vergiliarum
486 480 625 503 occasu
648 466 776 503 idibus
792 466 1080 504 Novembribus
1102 467 1186 504 fere
1208 467 1370 504 includi-

202 543 279 574 tur.
319 536 486 586 relinqui
500 549 548 573 ex
562 549 609 573 ea
621 536 718 573 duas
730 542 866 586 partes
878 537 1017 586 apibus
1028 540 1130 574 ratio
1141 537 1371 587 persuadet,

208 612 249 643 et
264 619 422 656 semper
434 619 500 643 eas
513 612 648 655 partes
659 605 839 642 favorum
852 619 954 656 quae
966 606 1143 643 habeant
1155 606 1370 644 erithacen.

206 690 227 712 a
262 676 403 712 bruma
442 675 492 712 ad
531 676 691 712 Arcturi
731 682 915 713 exortum
963 676 1104 713 diebus
1147 689 1194 713 Lx
1235 690 1373 714 somno

203 746 364 782 aluntur
381 748 465 782 sine
481 745 561 782 ullo
574 746 662 782 cibo
676 757 684 789 ;
704 745 754 782 ab
770 746 929 783 Arcturi
944 752 1086 783 exortu
1101 746 1152 783 ad
1167 749 1374 796 aequinoc-

204 818 305 852 tium
347 828 512 852 vernum
552 815 748 864 tepidiore
788 821 922 852 tractu
962 818 1042 852 iam
1084 815 1263 866 vigilant,
1304 816 1376 854 sed

206 888 426 922 etiamnum
445 884 533 921 alvo
548 897 590 921 se
605 887 812 921 continent
827 891 1084 935 servatosque
1099 888 1138 921 in
1157 885 1198 922 id
1216 891 1375 936 tempus

205 955 312 992 cibos
344 960 545 1004 repetunt.
598 956 638 990 in
672 954 789 991 Italia
820 968 912 991 vero
943 954 1016 992 hoc
1048 955 1154 992 idem
1186 968 1209 991 a
1240 955 1374 1006 Vergi-

206 1024 362 1061 liarium
400 1030 541 1061 exortu
575 1023 749 1068 faciunt3
795 1027 834 1060 in
868 1038 959 1061 eum
992 1024 1203 1062 dormiunt.
1270 1024 1375 1062 alvos

208 1094 370 1144 quidam
390 1097 429 1130 in
451 1094 663 1131 eximendo
683 1093 802 1131 melle
823 1094 1070 1144 expendunt,
1084 1097 1141 1131 ita
1161 1094 1376 1132 diribentes

209 1170 404 1215 quantum
431 1163 669 1214 relinquant.
723 1167 904 1214 aequitas
931 1164 1091 1214 quidem
1119 1167 1241 1201 etiam
1267 1167 1307 1201 in
1332 1167 1377 1201 iis

209 1235 482 1284 obstringitur,
527 1233 741 1283 feruntque
794 1236 986 1271 societate
1037 1233 1222 1271 fraudata
1272 1233 1378 1270 alvos

210 1307 320 1341 mori.
355 1306 395 1340 in
430 1306 564 1353 primis
600 1317 694 1354 ergo
728 1306 969 1353 praecipitur
1002 1309 1047 1340 ut
1079 1303 1177 1340 lauti
1212 1306 1378 1354 purique

211 1377 389 1411 eximant
414 1373 557 1417 mella;
596 1379 637 1410 et
662 1372 855 1410 furfurem
871 1373 886 1396 2
910 1373 1199 1423 mulierumque
1224 1387 1378 1410 menses

212 1444 343 1481 odere.
408 1456 497 1480 cum
541 1445 767 1480 eximantur
809 1443 942 1487 mella,
985 1456 1079 1492 apes
1123 1443 1229 1493 abigi
1271 1442 1380 1479 fumo

213 1513 477 1556 utilissimum,
509 1526 558 1550 ne
590 1515 809 1549 irascantur
840 1518 909 1549 aut
941 1515 1049 1562 ipsae
1082 1513 1195 1549 avide
1229 1518 1378 1550 vorent.

213 1583 321 1620 fumo
341 1583 537 1620 crebriore
559 1588 600 1619 et
622 1585 779 1633 ignavia
800 1596 936 1620 earum
958 1585 1156 1619 excitatur
1176 1582 1227 1619 ad
1247 1595 1381 1632 opera,

214 1666 306 1689 nam
339 1655 410 1688 nisi
443 1652 694 1695 incubavere‚
725 1651 835 1688 favos
866 1651 1003 1688 lividos
1034 1651 1197 1688 faciunt.
1251 1665 1381 1688 rursus

214 1722 322 1759 fumo
355 1724 474 1758 nimio
505 1721 745 1766 inficiuntur,
778 1721 936 1771 quando
966 1724 1148 1758 iniuriam
1179 1720 1381 1758 celerrime

215 1795 393 1829 sentiunt
412 1791 534 1828 mella
553 1791 616 1828 vel
634 1794 796 1827 minimo
815 1796 1003 1828 contactu
1022 1793 1117 1828 roris
1137 1792 1381 1833 acescentia3

217 1867 257 1899 et
276 1861 326 1898 ob
346 1861 386 1898 id
404 1863 508 1898 inter
526 1873 675 1911 genera
693 1866 872 1897 servatur
891 1860 997 1910 quod
1014 1873 1209 1910 acapnum
1227 1864 1381 1897 vocant.

447 1981 459 1998 ¹
482 1980 550 2012 edd.
570 1990 607 2011 ea:
625 1979 864 2019 Theophrasto:
898 1979 1096 2010 tetradicen.

451 2022 463 2041 ²
487 2023 627 2054 Mueller
642 2034 649 2053 :
672 2022 781 2053 furem
799 2021 977 2060 (faetorem
994 2020 1169 2062 Maykoff).

219 2104 288 2150 458
