1482 2312
363 175 530 214 PLINY
544 190 553 214 z
604 176 868 214 NATURAL
905 176 1140 214 HISTORY

164 279 345 330 partibus
372 279 572 330 quaedam
597 278 751 330 religio,
777 281 878 316 sicut
904 281 945 315 in
971 279 1163 317 dextera:
1201 279 1342 318 osculis

82 354 141 385 251
164 362 303 386 aversa
313 349 533 399 adpetitur,
542 351 583 385 in
595 349 672 385 fide
683 351 909 399 porrigitur.
964 351 1138 399 antiquis
1149 349 1342 387 Graeciae

166 421 205 454 in
231 418 490 468 supplicando
515 424 698 455 mentum
724 421 926 469 attingere
951 432 1035 455 mos
1062 424 1162 456 erat.
1217 425 1278 456 est
1302 421 1342 456 in

165 501 260 525 aure
282 491 362 524 ima
383 490 600 525 memoriae
622 487 744 532 locus,
766 501 887 538 quem
907 493 1124 538 tangentes
1166 494 1343 526 antesta-

165 558 306 601 mur13
350 563 411 595 est
440 563 530 607 post
560 571 697 594 aurem
726 571 855 608 aeque
884 557 1095 594 dexteram
1125 557 1342 596 Nemeseos

167 628 287 678 (quae
314 627 391 664 dea
419 627 609 664 Latinum
637 640 783 664 nomen
811 640 862 664 ne
889 629 929 663 in
956 626 1154 677 Capitolio
1181 628 1342 678 quidem

167 697 350 746 invenit),
389 710 467 747 quo
507 696 716 734 referimus
755 702 912 734 tactum
951 709 1018 733 ore
1057 699 1282 746 proximum
1320 711 1343 734 a

166 768 329 803 minimo
358 766 544 816 digitum,
575 768 732 802 veniam
762 767 954 803 sermonis
984 779 1007 802 a
1037 766 1095 803 dis
1126 766 1179 803 ibi
1208 779 1344 804 recon-

166 835 341 873 dentes.2

82 910 145 941 252
218 904 320 942 CIV.
351 904 510 941 Varices
526 907 566 941 in
581 904 759 942 cruribus
780 907 862 942 viro
876 910 1052 949 tantum,
1067 904 1223 942 mulieri
1241 918 1342 943 raro.

166 974 210 1011 C.
243 974 418 1011 Marium
456 977 523 1024 qui
560 974 638 1011 VII
677 987 755 1011 cos.
794 973 871 1011 fuit
909 977 1033 1011 stanti
1073 975 1145 1012 sibi
1185 975 1341 1012 extrahi

165 1057 326 1094 passum
344 1057 468 1080 unum
485 1043 691 1080 hominum
710 1043 863 1093 Oppius
882 1049 1020 1081 auctor
1038 1050 1111 1081 est.

82 1119 144 1151 253
215 1113 295 1150 CV.
325 1113 473 1151 Omnia
496 1113 684 1150 animalia
708 1126 731 1149 a
756 1113 909 1150 dextris
933 1114 1114 1163 partibus
1138 1114 1344 1159 incedunt,

166 1185 332 1220 sinistris
362 1183 566 1220 incubant.
620 1182 773 1232 reliqua
803 1188 848 1220 ut
878 1182 1037 1219 libitum
1068 1189 1129 1220 est
1158 1183 1345 1233 gradiun-

165 1259 245 1296 tur,
279 1252 342 1290 leo
376 1258 537 1289 tantum
582 1258 623 1289 et
656 1251 832 1289 camelus
866 1252 1061 1302 pedatim,
1094 1251 1168 1290 hoc
1204 1259 1265 1290 est
1299 1258 1344 1290 ut

166 1324 325 1359 sinister
348 1335 420 1372 pes
445 1335 525 1359 non
548 1327 730 1359 transeat
755 1321 944 1359 dextrum
969 1321 1041 1359 sed
1065 1322 1343 1373 subsequatur.

168 1392 291 1442 pedes
324 1390 475 1428 homini
507 1394 694 1435 maximi3
740 1391 898 1428 feminis
931 1393 1134 1429 tenuiores
1166 1394 1207 1428 in
1237 1394 1343 1429 omni

167 1473 339 1512 genere3
391 1474 508 1498 surae
546 1460 694 1497 homini
733 1466 895 1498 tantum
934 1466 976 1498 et
1012 1474 1128 1498 crura
1164 1474 1342 1498 carnosa.

168 1533 365 1581 reperitur
394 1530 501 1581 apud
531 1536 713 1568 auctores
745 1530 946 1581 quendam
975 1532 1016 1566 in
1045 1531 1236 1581 Aegypto
1266 1544 1344 1568 non

167 1600 353 1638 habuisse
404 1614 526 1638 suras.
593 1600 681 1637 vola
735 1599 885 1637 homini
935 1606 1097 1637 tantum
1149 1600 1344 1650 (exceptis

83 1676 147 1707 254
166 1671 427 1722 quibusdam:
480 1684 654 1721 namque
694 1676 736 1707 et
774 1669 864 1706 hinc
907 1673 1145 1721 cognomina
1181 1673 1345 1708 inventa

169 1741 317 1785 Planci,
338 1740 484 1785 Plauti,
507 1740 676 1784 Pansae,
698 1739 848 1784 Scauri,
869 1743 971 1777 sicut
993 1753 1016 1777 a
1037 1740 1215 1777 cruribus
1238 1740 1345 1784 Vari,

169 1810 326 1854 Vatiae,
366 1810 514 1854 Vatini,
556 1824 660 1861 quae
701 1812 797 1847 vitia
838 1816 880 1847 et
920 1812 959 1846 in
1001 1809 1342 1860 quadripedibus).

168 1880 311 1918 solidas
348 1879 501 1917 habent
539 1879 708 1931 ungulas
742 1893 846 1930 quae
878 1892 958 1917 non
990 1885 1083 1916 sunt
1115 1882 1344 1930 cornigera:

168 1952 290 2000 igitur
324 1963 394 2000 pro
428 1949 488 1987 his
522 1950 651 1987 telum
685 1949 861 2001 ungulae
895 1952 996 1987 ictus
1033 1954 1094 1986 est
1127 1948 1215 1986 illis.
1270 1962 1343 1986 nec

254 2040 265 2058 ¹
289 2039 449 2079 Lipsius:
475 2043 690 2070 attestamur.
816 2037 828 2056 ²
850 2039 901 2069 v.l.
920 2049 939 2069 a
956 2038 1008 2069 dis
1023 2041 1254 2079 exposcentes.

167 2111 236 2149 590
