1482 2312
424 149 613 187 PLINY:
665 149 928 187 NATURAL
965 149 1200 188 HISTORY

228 266 307 290 non
332 255 620 304 pinguescunt;
662 255 861 289 asinorum
888 252 939 289 ad
964 253 1081 289 tibias
1108 266 1261 290 canora.
1317 253 1397 291 del-

226 317 355 368 phinis
386 330 486 361 ossa,
516 330 595 353 non
624 318 775 367 spinae,
806 316 951 353 animal
982 319 1088 353 enim
1117 319 1289 367 pariunt,
1319 330 1397 355 ser-

227 382 414 432 pentibus
458 383 606 431 spinae.
663 380 897 430 aquatilium
941 380 1122 417 mollibus
1165 381 1285 426 nulla,
1328 382 1397 419 sed

227 459 366 495 corpus
409 445 562 481 circulis
605 447 732 481 carnis
777 447 967 488 finctum,
1011 450 1056 481 ut
1099 447 1232 495 sepiae
1276 451 1396 496 atque

226 509 385 559 loligini.
442 515 484 546 et
498 511 657 546 insectis
671 514 842 559 negatur
856 521 983 558 aeque
999 522 1084 545 esse
1099 508 1189 546 ulla.
1244 509 1397 547 cartila—

225 576 345 624 ginea
373 572 606 623 aquatilium
636 571 787 610 habent
817 572 1032 609 medullam
1062 575 1102 609 in
1131 575 1257 623 spina,
1286 574 1397 611 vituli

142 642 205 672 216
224 640 365 674 marini
391 637 679 688 cartilaginem,
705 651 784 674 non
810 651 908 674 ossa.
966 637 1070 674 Item
1096 639 1272 674 omnium
1298 640 1398 675 auri-

140 1220 157 1250 ἔξ)

225 701 336 738 culae
366 715 411 738 ac
440 715 554 738 nares
584 715 686 752 quae
714 701 832 738 modo
862 703 1040 738 eminent
1069 700 1190 738 flexili
1218 701 1397 746 mollitia,

226 771 392 803 naturae
437 766 686 816 proxidentia
736 779 785 802 ne
836 765 1126 816 frangerentur.
1207 766 1397 817 cartilago

225 835 344 881 rupta
377 843 456 867 non
493 830 706 874 solidescit,
735 843 808 866 nec
841 832 1019 880 praecisa
1052 843 1139 866 ossa
1171 836 1398 868 recrescunt

224 900 506 944 praeterquam
543 897 730 931 veterinis
768 895 818 930 ab
856 893 1005 944 ungula
1042 893 1093 930 ad
1130 893 1395 945 suffraginem.

224 957 341 995 homo
361 961 502 995 crescit
518 958 533 981 1
553 961 593 995 in
613 958 902 1009 longitudinem
923 971 1048 1008 usque
1065 957 1116 994 ad
1132 964 1195 995 ter
1211 964 1397 1009 septenos

225 1036 361 1066 annos,
381 1028 468 1059 tum
487 1022 631 1059 deinde
653 1022 704 1059 ad
723 1022 1038 1072 plenitudinem3
1067 1025 1241 1059 maxime
1261 1029 1396 1060 autem

223 1087 444 1137 pubescens
483 1087 629 1123 nodum
667 1086 869 1136 quendam
906 1086 1070 1131 solvere,
1107 1092 1149 1123 et
1184 1089 1396 1137 praecipue

224 1151 488 1201 aegritudine,
510 1153 692 1188 sentitur.

274 1215 539 1252 LXXXVIII.
572 1215 690 1252 Nervi
715 1218 790 1252 orsi
820 1229 844 1252 a
867 1215 998 1260 corde,
1022 1215 1249 1266 bubuloque
1275 1218 1397 1253 etiam

224 1279 511 1323 circumvoluti,
533 1280 700 1316 similem
722 1285 906 1316 naturam
929 1285 970 1316 et
991 1293 1151 1316 causam
1170 1279 1335 1324 habent,
1356 1282 1396 1316 in

224 1344 405 1380 omnibus
426 1343 583 1381 lubricis
609 1344 796 1394 applicati
827 1345 990 1387 ossibus,
1010 1344 1212 1394 nodosque
1243 1358 1396 1395 corpor-

224 1421 290 1444 um
330 1410 396 1458 qui
430 1414 620 1445 vocantur
658 1408 811 1445 articuli
846 1408 965 1445 aliubi
998 1410 1240 1453 interventu,
1272 1407 1394 1444 aliubi

225 1473 392 1516 ambitu,
427 1472 546 1510 aliubi
585 1475 757 1510 transitu
795 1473 979 1523 ligantes,
1016 1472 1080 1509 hic
1118 1478 1282 1518 teretes,
1318 1473 1395 1510 illic

143 1542 204 1573 218
223 1536 294 1573 lati
325 1543 369 1573 ut
402 1540 441 1574 in
468 1549 707 1587 unoquoque
737 1539 865 1588 poscit
894 1537 1088 1587 figuratio.
1144 1550 1217 1574 nec
1242 1536 1281 1574 hi
1308 1538 1395 1575 soli-

223 1601 370 1638 dantur
403 1604 528 1646 incisi,
560 1604 784 1651 mirumque
817 1601 1031 1638 wilneratis
1065 1615 1239 1638 summus
1272 1602 1394 1647 dolor,

222 1668 437 1715 praesectis
457 1665 597 1702 nullus.
648 1668 730 1702 sine
747 1668 875 1702 nervis
892 1671 984 1702 sunt
998 1665 1196 1716 quaedam
1211 1666 1394 1703 animalia

223 1735 267 1765 ut
302 1732 443 1779 pisces,
479 1732 632 1766 arteriis
669 1732 774 1766 enim
809 1735 1015 1773 constant3
1065 1730 1135 1767 sed
1170 1743 1299 1780 neque
1334 1730 1393 1767 his

279 1840 288 1857 ¹
315 1841 431 1871 crescit
455 1839 528 1870 add.
561 1839 630 1871 edd.
663 1840 850 1879 (<celeriter
881 1843 1035 1871 crescunt
1065 1846 1176 1871 cetera
1199 1840 1392 1881 animalia>‚

231 1881 357 1914 homo?
382 1882 563 1922 Jlayhoff).

561 2006 575 2019 ‘²
598 2002 617 2033 I
622 2013 657 2033 .e.
679 2001 849 2038 molluscs,
871 2001 1042 2033 sheu-fish.

218 2063 286 2111 568
