1482 2312
422 141 588 181 PLINY
602 156 612 181 ι
661 142 923 181 NATURAL
957 141 1194 180 HISTORY

225 244 454 289 dissectum,
467 251 511 282 ut
527 251 632 282 esset
646 248 685 282 in
698 248 877 295 utrisque
891 245 1056 282 Veneris
1071 244 1229 281 auribus
1243 243 1392 280 Romae

144 311 204 341 122
228 310 267 342 in
281 306 461 344 Pantheo
474 306 637 343 dimidia
652 320 788 344 eorum
800 320 911 343 cena.
933 305 1040 343 LIX.
1059 319 1136 342 non
1149 305 1279 342 ferent
1294 304 1394 341 hanc

149 989 208 1020 123

153 1356 212 1387 124

156 1649 215 1681 125

230 368 416 417 palmam,
465 368 821 418 spoliabunturque
871 371 993 405 etiam
1035 367 1214 404 luxuriae
1256 366 1393 416 gloria.

225 433 330 479 prior
342 429 382 466 id
395 429 545 467 fecerat
555 429 705 466 Romae
718 432 759 465 in
772 429 981 466 unionibus
995 441 1165 478 magnae
1177 430 1395 465 taxationis

225 491 385 528 Clodius
403 491 585 541 tragoedi
607 492 755 540 Aesopi
777 491 863 534 filis,
883 491 1043 527 relictus
1063 490 1112 526 ab
1133 503 1180 526 eo
1198 492 1238 525 in
1257 488 1396 538 amplis

226 553 366 602 opibus
399 552 528 596 heres,
562 566 612 590 ne
646 556 901 590 triumviratu
935 565 1005 589 suo
1038 554 1153 588 nimis
1193 550 1397 600 superbiat

227 615 426 651 Antonius
466 627 594 664 paene
636 613 815 651 histrioni
852 619 1120 663 comparatus,
1162 618 1202 649 et
1237 611 1397 662 quidem

228 676 336 712 nulla
361 679 570 725 sponsione
596 675 647 713 ad
671 675 744 712 hoc
769 675 976 725 producto,
1002 688 1080 724 quo
1100 677 1225 724 magis
1245 676 1398 723 regium

229 738 313 781 fiat,
337 737 408 774 sed
432 743 476 774 ut
503 741 752 787 experiretur
776 741 815 773 in
840 737 1006 787 gloriam
1023 737 1037 760 ¹
1061 736 1184 786 palati
1211 735 1400 785 quidnam

228 805 415 848 saperent
448 802 712 849 margaritae3
758 805 880 849 atque
912 804 957 835 ut
989 800 1087 834 mire
1118 797 1319 847 placuere,
1349 808 1400 832 ne

229 861 333 898 solus
365 860 438 897 hoc
471 864 602 904 sciret,
635 860 808 911 singulos
842 863 1006 897 uniones
1038 861 1208 896 convivis
1242 870 1400 908 quoque

230 922 497 960 absorbendos
522 922 645 960 dedit.

281 984 431 1020 Romae
449 987 487 1020 in
504 987 770 1033 promiscuum
786 997 830 1020 ac
847 983 1102 1033 frequentem
1117 995 1232 1019 usum
1250 983 1401 1018 venisse

232 1045 476 1083 Alexandria
517 1049 556 1081 in
598 1046 794 1082 dicionem
836 1045 1012 1088 redacta,
1054 1046 1225 1094 primum
1266 1048 1402 1079 autem

230 1110 407 1156 coepisse
446 1110 548 1144 circa
588 1107 750 1143 Sullana
788 1113 974 1156 tempora
1013 1108 1186 1142 minutas
1227 1110 1268 1142 et
1307 1103 1402 1140 viles

234 1169 462 1206 Fenestella
484 1168 608 1205 tradit
631 1168 844 1205 manifesto
867 1181 1012 1211 errore,
1033 1181 1123 1204 cum
1147 1166 1284 1203 Aelius
1306 1164 1404 1202 Stilo

232 1233 334 1268 circa
348 1231 362 1253 2
385 1230 674 1280 „Iugurthinum
695 1230 845 1267 bellum
865 1233 1055 1266 unionum
1076 1241 1221 1265 nomen
1240 1229 1403 1276 imponi-

233 1306 322 1329 cum
345 1296 517 1329 maxime
536 1292 754 1341 grandibus
776 1294 1000 1341 margaritis
1020 1290 1175 1340 prodat.

284 1351 367 1388 LX.
397 1351 449 1388 Et
468 1350 540 1388 hoc
559 1357 696 1387 tamen
716 1356 905 1387 aeternae
924 1363 1046 1399 prope
1066 1350 1319 1398 possessionis
1346 1354 1405 1384 est

236 1413 465 1459 -sequitur
485 1409 689 1453 heredem,
709 1412 748 1445 in
768 1412 1039 1457 mancipatum
1060 1410 1168 1444 venit
1189 1412 1233 1443 ut
1253 1405 1406 1456 praedi—

236 1483 301 1505 um
315 1468 476 1518 aliquod
490 1482 497 1505 :
525 1467 730 1518 conchylia
745 1474 784 1504 et
799 1480 992 1517 purpuras
1006 1469 1131 1503 omnis
1145 1465 1240 1502 hora
1254 1467 1406 1507 atterit,

236 1528 378 1577 quibus
427 1527 566 1564 eadem
622 1533 751 1563 mater
797 1526 952 1563 luxuria
999 1528 1109 1575 paria
1156 1537 1284 1574 paene
1332 1523 1406 1560 ac3

238 1589 459 1636 margaritis
479 1588 607 1635 pretia
627 1585 733 1622 fecit.

291 1644 494 1694 Purpurae
515 1647 651 1681 vivunt
674 1647 785 1680 annis
806 1644 1019 1693 plurimum
1037 1645 1224 1692 septenis.
1279 1641 1407 1677 latent

238 1706 337 1739 sicut
380 1705 547 1739 murices
587 1705 690 1739 circa
729 1704 836 1739 canis
878 1707 1008 1738 ortum
1049 1703 1208 1738 tricenis
1255 1699 1405 1736 diebus.

237 1768 532 1812 congregantur
587 1775 706 1798 verno
753 1767 947 1810 tempore,
994 1766 1212 1810 mutuoque
1266 1760 1407 1795 attritu

384 1840 394 1858 ¹
419 1839 592 1879 Maylloff:
617 1838 734 1879 gloria.
882 1837 894 1855 ²
917 1837 1006 1868 circa
1022 1837 1096 1868 add.
1115 1835 1276 1876 Mayhoff.

644 1882 656 1900 ³
680 1883 744 1912 ac?
764 1880 938 1920 Mayhoff:
963 1884 1007 1911 et.

367 1972 381 1986 '¹
403 1967 423 1998 I
427 1978 461 1999 .e.
479 1966 616 2008 Antony
631 1966 698 1997 and
711 1966 898 2007 Cleopatra.
1004 1965 1016 1985 ⁶
1038 1967 1078 1996 47
1096 1974 1160 1996 B.C.

372 2016 382 2029 ⁶
405 2010 561 2041 Dictator
577 2011 683 2041 81-79
700 2018 765 2040 ΒΕ.
1007 2008 1021 2026 ‘¹
1046 2008 1190 2039 112-106
1209 2015 1273 2038 B.c.

241 2057 309 2100 246
