1482 2312
415 149 582 188 PLINY
595 164 605 188 t
654 150 917 189 NATURAL
952 151 1188 190 HISTORY

133 258 199 289 224
217 265 263 289 ac
279 251 294 276 1
311 251 518 302 conchylia
533 257 603 288 aut
620 264 669 288 ex
686 251 763 288 alio
778 252 874 289 orbe
889 258 1100 290 convectas
1116 266 1220 290 aves.
1274 257 1389 291 semi-

217 305 346 342 ferum
367 311 409 341 et
428 308 558 354 ipsum
578 305 739 349 animal,
753 308 814 342 eui
836 308 983 342 vivax-„ia
1003 308 1042 342 in
1062 306 1175 343 doliis
1195 306 1301 343 idem
1322 310 1388 357 qui

219 361 323 408 apris
349 361 535 395 instituit.
591 371 670 408 qua
695 361 735 394 in
761 371 803 394 re
829 364 1014 395 notatum
1040 372 1120 396 non
1144 373 1388 410 congregare

219 414 291 448 nisi
315 411 525 461 populares
551 411 729 448 eiusdem
752 411 873 448 silvae
898 418 954 456 et,
977 415 1008 449 si
1032 415 1274 450 misceantur
1296 413 1389 450 alie-

218 467 388 515 nigenae
408 477 524 501 amne
543 464 606 501 vel
623 470 760 501 monte
779 464 1133 509 discreti‚·interire
1151 465 1386 503 dimicando.

217 521 418 568 genitores
447 531 536 554 suos
564 517 687 554 fessos
715 524 879 555 senecta
907 518 1020 555 alunt
1047 521 1190 569 insigni
1217 521 1386 569 pietate.

218 574 372 608 senium
402 571 536 607 finitur
565 570 731 607 hiberna
761 573 919 620 quiete:
963 571 1112 608 conditi
1143 574 1249 609 enim
1279 578 1320 609 et
1349 572 1388 608 hi

217 624 379 668 cubant,
396 638 527 661 rursus
546 630 702 661 aestate
719 627 990 661 iuvenescunt.
1046 625 1181 662 similis
1199 631 1240 662 et
1257 625 1389 662 nitelis

218 679 328 727 quies
348 683 408 714 est
426 677 589 714 hieme.2

132 736 197 767 225
269 730 497 767 LXXXIII.
527 731 602 767 Hic
626 733 770 767 mirum
794 743 926 767 rerum
950 737 1136 768 naturam
1160 744 1238 768 non
1262 732 1389 768 solum

217 784 295 820 alia
311 784 396 821 aliis
414 783 571 821 dedisse
587 787 703 820 terris
722 784 909 820 animalia
925 784 996 821 sed
1013 787 1052 821 in
1071 784 1213 821 eodem
1231 798 1389 835 quoque

217 840 296 874 situ
318 837 516 887 quaedam
537 837 678 886 aliquis
701 837 794 874 locis
817 850 997 887 negasse.
1052 841 1092 874 in
1116 838 1271 875 Maesia
1292 838 1389 876 silva

219 889 362 928 Italiae
391 904 469 927 non
499 893 571 927 nisi
602 894 641 926 in
669 896 785 939 parte
815 893 1068 940 reperiuntur
1095 890 1135 927 hi
1163 891 1294 941 glires.
1348 894 1388 928 in

219 943 341 994 Lycia
364 944 555 981 dorcades
579 957 658 980 non
680 950 891 980 transeunt
915 950 1070 981 montes
1094 943 1206 981 Sexis
1229 947 1389 988 vicinos,

216 1000 354 1047 onagri
385 997 553 1034 limitem
587 1000 653 1047 qui
686 996 981 1046 Cappadociam
1012 1011 1036 1034 a
1068 997 1204 1034 Cilicia
1234 998 1386 1035 dividit.

217 1053 257 1087 in
279 1051 543 1100 Hellesponto
566 1053 605 1086 in
627 1050 777 1087 alienos
800 1050 897 1087 fines
919 1064 998 1088 non
1019 1057 1247 1088 commeant
1268 1054 1386 1095 cervi,

218 1110 259 1141 et
277 1107 381 1140 circa
399 1105 640 1153 Arginusam
659 1103 859 1153 Elaphum
878 1110 1057 1141 montem
1076 1117 1155 1142 non
1174 1104 1388 1149 excedunt,

216 1157 375 1194 auribus
396 1160 519 1194 etiam
538 1160 578 1193 in
597 1163 734 1194 monte
754 1158 863 1194 fissis.
918 1160 958 1193 in
978 1157 1242 1195 Pordoselene
1261 1157 1388 1194 insula

133 1216 196 1246 226
216 1213 320 1247 viam
369 1210 566 1248 mustelae
616 1223 694 1247 non
742 1216 965 1247 transeunt.
1020 1213 1117 1247 item
1134 1211 1149 1234 ³
1198 1211 1388 1248 Boeotiae

220 1263 433 1301 Lebadeae
453 1263 604 1301 inlatae
623 1264 750 1301 solum
770 1267 898 1313 ipsum
917 1263 1077 1314 fugiunt
1097 1277 1199 1314 quae
1217 1267 1331 1301 iuxta
1348 1267 1388 1301 in

218 1316 468 1354 Orchomeno
498 1323 587 1354 tota
617 1330 709 1354 arva
739 1318 935 1354 subruunt
964 1317 1112 1367 talpae.
1168 1331 1335 1367 quarum
1366 1331 1387 1355 e

216 1371 385 1420 pellibus
400 1370 641 1407 cubicularia
656 1370 824 1408 vidimus
840 1370 1039 1421 stragula:
1069 1370 1169 1407 adeo
1185 1384 1235 1407 ne
1250 1371 1388 1421 religio

216 1424 377 1474 quidem
411 1438 435 1461 a
468 1427 665 1474 portentis
701 1424 910 1460 submovet
945 1423 1118 1461 delicias.
1173 1426 1212 1460 in
1248 1423 1389 1461 Ithaca

214 1477 367 1527 lepores
399 1477 512 1514 inlati
545 1480 767 1514 moriuntur
796 1480 985 1514 extremis
1015 1477 1176 1527 quidem
1201 1480 1242 1514 in
1265 1477 1388 1514 litori-

359 1592 370 1611 ²
395 1602 434 1622 ac
451 1591 524 1622 add.
542 1590 714 1631 Detlefsen.

356 1633 368 1652 ²
392 1634 432 1665 M
434 1633 547 1674 ayhoff
558 1646 565 1665 :
590 1632 693 1664 simili
709 1636 779 1674 (aut
795 1632 926 1672 similis)
943 1636 978 1664 eb
994 1632 1108 1664 nitelis
1123 1633 1248 1674 quiete.

356 1678 367 1695 ³
392 1676 547 1717 Mayhoff
558 1689 565 1708 :
590 1676 624 1707 in

253 1847 266 1867 ¹³
288 1804 353 1879 IS?
364 1805 493 1878 §hilgm
509 1847 594 1877 mjce
609 1846 663 1877 die
678 1846 728 1876 off
739 1845 860 1887 during
876 1845 1101 1877 hibernation.

257 1895 268 1910 ⁰
291 1889 333 1921 In
348 1890 495 1920 Etruria.

255 1933 269 1952 ‘²
293 1932 455 1964 Aristotle
479 1932 569 1963 Hist.
594 1932 658 1962 Am
684 1932 764 1962 27Βό
788 1933 828 1962 26
850 1945 883 1963 εν
905 1930 938 1963 δε
959 1933 1005 1970 τῷ
1028 1931 1094 1982 ὄρει
1113 1933 1159 1970 τῷ
1184 1930 1385 1971 Ἐλαφώεντι

212 1974 449 2015 καλουμένῳ..
470 1975 604 2015 ,ἔλαφοι
619 1977 719 2006 πᾶσαι
738 1973 774 2005 τὸ
793 1973 848 2006 ους
864 1972 1048 2015 ἐσχισμέναι
1065 1972 1155 2006 εἰσίν.

255 2019 447 2050 ‘Between
463 2017 591 2049 Lesbos
608 2017 677 2048 and
694 2015 752 2047 the
769 2016 898 2047 Asiatic
915 2020 1020 2048 coast

165 2081 233 2129 156
