1482 2312
163 574 204 603 56

168 1370 208 1400 57

427 155 615 194 PLINY:
665 154 927 193 NATURAL
963 154 1196 192 HISTORY

228 260 412 309 Augusto
441 261 558 308 piscis
589 271 611 295 e
641 259 738 294 mari
771 257 821 293 ad
852 256 974 306 pedes
1006 258 1090 293 eius
1121 256 1287 300 exilivit,
1318 269 1398 306 quo

229 326 465 371 argumento
512 325 622 356 vates
669 318 908 368 respondere
957 317 1190 367 Neptunum
1237 323 1394 368 patrem

230 382 448 432 adoptante
491 386 577 417 tum
624 381 697 417 sibi
744 379 867 416 Sexto
910 377 1267 428 Pompeio—tanta
1308 384 1395 416 erat

229 443 376 480 navalis
405 445 459 480 rei
488 441 737 492 gloria—sub
760 440 928 491 pedibus
952 439 1130 477 Caesaris
1153 439 1307 477 futuros
1330 442 1397 490 qui

229 507 351 542 maria
370 510 550 554 tempore
570 502 635 540 illo
654 508 853 539 tenerent.

279 565 434 602 XXIII.
465 564 633 602 Piscium
652 563 823 601 feminae
841 565 1009 599 maiores
1026 576 1148 612 quam
1163 576 1303 600 mares.
1359 565 1399 599 in

231 627 403 677 quodam
422 639 570 677 genere
591 628 750 662 omnino
770 638 846 661 non
869 631 961 661 sunt
981 637 1122 667 mares,
1143 627 1243 660 sicut
1265 623 1398 674 eryth-

232 691 303 725 inis
325 694 366 726 et
385 687 562 732 ohannis,
583 700 718 724 omnes
741 689 846 723 enirn
868 688 947 722 ovis
968 685 1154 735 gravidae
1176 687 1397 735 capiuntur.

232 755 427 799 vagantur
454 751 653 801 gregatim
682 747 765 785 fere
795 749 984 797 cujusque
1009 749 1165 798 generis
1190 748 1399 796 squamosi.

231 814 442 861 capiuntur
472 816 565 847 ante
597 810 686 846 solis
718 815 872 846 ortum:
917 814 1003 845 turn
1034 810 1206 844 maxime
1236 810 1401 858 piscium

232 872 381 910 fallitur
405 875 520 909 visus.
576 872 757 908 noctibus
783 873 908 920 quies,
933 875 995 906 set
1019 869 1249 906 inlustribus
1274 881 1401 919 aeque

233 947 352 984 quam
397 934 461 971 die
503 938 684 970 cernunt.
754 935 866 969 aiunt
908 937 950 968 et
991 933 1022 967 si
1063 936 1217 967 teratur
1257 943 1402 981 gurges

233 998 425 1033 interesse
465 1001 670 1045 capturae,
710 996 846 1043 itaque
888 992 1020 1042 plures
1061 991 1233 1028 secundo
1272 998 1403 1028 tractu

234 1059 320 1106 capi
341 1069 461 1106 quam
487 1058 625 1106 primo.
682 1060 802 1106 gustu
823 1054 897 1091 olei
923 1055 1110 1097 maxime,
1130 1053 1222 1090 dein
1242 1052 1404 1090 modicis

233 1118 423 1155 imbribus
442 1117 621 1168 gaudent
641 1116 902 1165 alunturque:
937 1117 1084 1165 quippe
1104 1120 1146 1151 et
1164 1113 1404 1151 harundines

235 1181 413 1230 quamvis
436 1181 475 1215 in
498 1178 645 1229 palude
669 1183 889 1227 prognatae
914 1189 991 1213 non
1014 1182 1150 1212 tamen
1173 1178 1257 1212 sine
1279 1175 1404 1212 imbre

235 1240 491 1283 adolescunt;
541 1245 583 1277 et
620 1239 714 1276 alias
751 1239 990 1287 ubicumque
1027 1240 1153 1287 pisces
1188 1239 1228 1273 in
1264 1236 1404 1274 eadem

237 1315 340 1352 aqua
362 1301 530 1345 adsidui,
551 1303 582 1337 si
605 1314 682 1337 non
704 1300 853 1343 affluat,
875 1301 1164 1336 exanimantur.

287 1362 434 1400 XXIV.
465 1361 738 1412 Praegelidam
764 1360 936 1398 hiemem
963 1373 1098 1397 omnes
1123 1361 1317 1403 sentiunt,
1336 1360 1407 1397 sed

236 1427 409 1461 maxime
435 1426 499 1474 qui
527 1423 699 1474 lapidem
723 1425 763 1459 in
786 1425 917 1472 capite
942 1420 1089 1459 habere
1115 1423 1406 1465 existimantur,

238 1492 282 1522 ut
319 1485 414 1536 lupi,
450 1484 644 1529 chromes‚
679 1486 875 1528 sciaenae,
911 1482 1063 1534 phagri.
1117 1496 1207 1519 cum
1243 1495 1406 1532 asperae

237 1546 388 1584 hiemes
429 1546 555 1591 fuere,
594 1545 707 1582 multi
749 1547 855 1582 caeci
895 1547 1116 1594 capiuntur.
1171 1546 1308 1593 itaque
1347 1543 1406 1580 his

238 1609 440 1645 mensibus
473 1611 603 1644 iacent
636 1607 830 1657 speluncis
861 1606 1009 1643 conditi
1041 1606 1159 1654 (sicut
1189 1607 1228 1641 in
1259 1617 1406 1655 genere

239 1672 487 1706 terrestrium
507 1668 744 1715 retulimus),
763 1670 936 1705 maxime
956 1666 1145 1717 hippurus
1166 1672 1208 1703 et
1226 1667 1407 1710 coracini,

240 1730 371 1768 hieme
402 1744 479 1767 non
509 1733 616 1780 capti
647 1735 928 1780 praeterquam
959 1730 1073 1766 statis
1103 1727 1243 1765 diebus
1273 1729 1407 1778 paucis

242 1797 284 1829 et
313 1792 439 1829 isdem
469 1805 639 1841 semper,
669 1793 766 1828 item
796 1803 961 1827 murena
990 1795 1033 1827 et
1062 1788 1220 1839 orphus‚
1249 1802 1408 1839 conger,

241 1867 384 1904 percae
416 1859 457 1890 et
488 1852 675 1890 saxatiles
706 1865 854 1888 omnes.
909 1858 1016 1888 terra
1040 1851 1214 1901 quidem,
1244 1849 1317 1887 hoc
1347 1855 1407 1887 est

399 1971 414 1986 ⁰
437 1966 521 1998 VIII
540 1967 600 1997 126
615 1966 650 1997 ff.

402 2009 415 2029 δ
441 2009 651 2049 Coryphaeus
666 2008 830 2049 hippuris,
846 2008 1053 2048 Portuguese
1069 2007 1076 2019 ‘
1091 2005 1241 2038 dorado.’

243 2084 313 2109 200
