1482 2312
118 259 179 290 160

118 673 174 703 161

120 1643 177 1673 163

394 151 559 188 PLINY
574 165 582 188 :
633 152 892 189 NATURAL
929 151 1162 189 HISTORY

252 253 357 290 LXI.
389 254 581 290 Dentium
614 257 689 290 tria
721 267 881 304 genera,
914 257 1050 290 serrati
1084 260 1150 290 aut
1185 256 1354 290 continui

202 330 269 359 aut
290 325 415 359 exerti
449 325 609 359 serrati:
629 325 860 372 pectinatim
880 328 1080 366 coeuntes,
1099 335 1148 359 ne
1166 325 1357 359 contrario

200 405 361 428 occursu
380 397 615 435 atterantur,
634 398 679 428 ut
697 392 958 441 serpentibus,
976 392 1159 441 piscibus,
1177 392 1357 434 canibus3

200 463 387 503 continui,
407 467 451 497 ut
469 460 629 504 homini,
649 473 772 510 equo3
806 463 946 504 exerti,
964 466 1009 497 ut
1028 473 1134 510 apro,
1152 460 1357 510 hippopot—

201 543 302 573 amo,
331 529 553 579 elephanto.
609 532 883 566 continuorum
918 532 982 579 qui
1013 530 1200 579 digerunt
1227 530 1356 566 cibum

201 599 270 635 lati
290 605 331 636 et
350 602 468 642 acuti,
488 601 553 649 qui
572 599 782 635 conficiunt
801 598 989 649 duplices,
1008 601 1073 648 qui
1091 598 1359 635 discriminant

201 682 266 705 eos
293 671 420 704 canini
449 667 708 718 appellantur.
763 668 801 704 hi
830 674 921 705 sunt
949 670 1106 705 serratis
1134 667 1357 716 longissimi.

200 740 373 774 continui
403 744 471 774 aut
500 743 667 787 utraque
696 743 808 787 parte
837 739 912 774 oris
941 743 1045 781 sunt,
1074 742 1118 773 ut
1148 749 1262 786 equo,
1291 742 1359 772 aut

201 809 399 857 superiore
452 809 640 857 primores
687 820 763 842 non
807 812 912 850 sunt,
955 812 999 842 ut
1040 806 1182 850 bubus,
1225 806 1359 842 ovibus

201 877 459 925 omnibusque
489 889 589 925 quae
613 879 823 912 ruminant.
878 889 1019 925 caprae
1043 877 1259 925 superiores
1283 887 1360 911 non

202 951 293 981 sunt
313 951 471 994 praeter
490 947 677 994 primores
698 947 886 995 geminos.
950 943 1044 981 nulli
1068 946 1193 981 exerti
1218 943 1359 993 quibus

201 1016 358 1056 serrati,
378 1028 463 1050 raro
485 1013 667 1058 feminae,
689 1020 729 1050 et
745 1020 881 1050 tamen
897 1016 979 1050 sine
997 1025 1091 1057 usu3
1121 1015 1255 1063 itaque
1272 1026 1361 1049 cum

160 1095 166 1101 ·
201 1086 282 1134 apri
317 1086 555 1133 percutiant,
595 1083 765 1120 feminae
799 1096 887 1120 sues
923 1083 1116 1119 mordent.
1173 1081 1266 1119 nulli
1299 1083 1359 1119 cui

201 1166 345 1189 cornua
372 1155 512 1196 exerti,
539 1153 608 1189 sed
635 1153 813 1189 omnibus
839 1155 1019 1195 concavi3
1053 1154 1195 1188 ceteris
1221 1151 1360 1188 dentes

202 1222 324 1259 solidi.
369 1224 533 1272 piscium
553 1223 731 1258 omnibus
752 1224 890 1258 serrati
909 1227 1067 1272 praeter
1086 1234 1252 1264 scarum,
1272 1219 1361 1257 huic

202 1294 267 1328 uni
281 1291 512 1342 aquatilium
526 1291 644 1341 plani.
684 1297 817 1328 cetero
829 1291 961 1328 multis
975 1304 1110 1327 eorum
1122 1293 1162 1326 in
1173 1289 1307 1340 lingua
1320 1295 1361 1326 et

201 1367 287 1397 toto
315 1375 394 1404 ore,
424 1367 467 1397 ut
496 1362 612 1397 turba
641 1361 844 1397 vulnerum
873 1359 1049 1397 molliant
1082 1372 1183 1410 quae
1212 1359 1360 1396 adtritu

202 1429 383 1480 subigere
398 1444 473 1466 non
488 1437 650 1480 queunt.
691 1430 824 1466 multis
838 1432 931 1466 etin
943 1429 1075 1479 palato
1089 1428 1225 1479 [atque
1239 1430 1360 1465 etiam

201 1502 240 1535 in
254 1499 426 1549 cauda]‚1
439 1506 646 1549 praeterea
661 1501 699 1535 in
716 1512 756 1535 os
773 1505 995 1549 vergentes,
1007 1511 1056 1535 ne
1075 1497 1259 1535 excidant
1271 1498 1360 1541 cibi,

201 1568 350 1606 nullum
378 1568 615 1605 habentibus
645 1568 841 1605 retinendi
869 1567 1158 1604 adminiculum.

252 1638 379 1674 LXII.
409 1637 560 1674 Similes
593 1638 717 1688 aspidi
750 1643 791 1674 et
822 1637 1085 1687 serpentibus,
1116 1636 1186 1673 sed
1216 1635 1293 1673 duo
1322 1638 1362 1672 in

203 1720 345 1757 supera
397 1713 509 1757 parte
556 1707 695 1744 (lextra
743 1706 933 1756 laevaque
981 1705 1206 1756 longissimi,
1252 1707 1361 1742 tenui

204 1777 332 1814 fistula
370 1776 556 1827 perforati
595 1782 639 1813 ut
690 1778 901 1826 scorpionis
921 1776 935 1798 2
983 1775 1120 1819 aculei,
1167 1788 1360 1812 venenum

549 1862 559 1880 ¹
585 1861 654 1892 secl.
673 1861 741 1891 coll.
759 1860 817 1891 Ar.
836 1859 997 1900 Mayhoff.

550 1904 562 1923 ²
587 1903 817 1943 Maykoff(?):
842 1903 1017 1943 scorpioni.

389 2011 403 2025 ‘¹
424 2007 504 2038 This
518 2006 584 2037 odd
600 2006 755 2037 addition
768 2006 796 2037 is
810 2005 944 2046 lacking
957 2005 992 2036 in
1006 2004 1175 2036 Aristotle.

202 2072 269 2109 532
