1482 2312
448 157 614 196 PLINY
628 172 637 196 ε
688 158 950 196 NATURAL
987 157 1221 195 HISTORY

250 261 456 311 obrepere,
476 260 662 311 diemque
684 263 910 297 venientem
930 262 1117 296 nuntiant
1136 265 1270 304 cantu,
1289 261 1418 309 ipsum

183 320 224 350 47
252 327 343 351 vero
359 320 521 350 cantum
541 313 680 364 plausu
701 314 882 350 laterum.
937 315 1167 363 imperitant
1183 326 1253 349 suo
1267 314 1418 362 generi,

251 372 292 404 et
313 380 480 417 regnum
500 369 539 403 in
557 380 805 417 quacumque
822 372 914 403 sunt
931 366 1047 403 domo
1063 371 1263 402 exercent.
1307 365 1420 402 dimi·-

250 423 406 457 catione
425 422 577 470 paritur
594 419 667 457 hoc
684 423 789 456 inter
805 422 923 469 ipsos,
942 419 1049 456 velut
1066 419 1156 455 ideo
1174 418 1254 454 tela
1273 424 1420 468 agnata

249 474 426 510 cruribus
456 475 534 510 suis
564 473 898 523 intellegentium,
933 485 1006 508 nec
1041 472 1126 508 finis
1162 484 1280 521 saepe
1317 473 1389 507 nisi
1403 470 1419 494 1

249 527 610 563 commorientibus.
666 525 772 575 quod
794 528 824 562 si
847 525 979 575 palma
1001 525 1199 574 contigit‚2
1221 526 1358 560 statim
1378 526 1418 560 in

249 582 412 616 victoria
462 585 610 616 canunt
660 592 783 628 seque
833 581 905 628 ipsi
956 580 1151 628 principes
1197 583 1419 621 testantur;

250 635 376 669 victus
405 632 626 669 occultatur
652 632 770 668 silens
799 644 997 681 aegreque
1025 633 1227 667 servitium
1256 632 1418 680 patitur.

250 691 292 722 et
306 685 418 735 plebs
433 691 571 722 tamen
586 698 713 735 aeque
729 686 899 735 superba
913 684 1093 735 graditur
1113 683 1235 720 ardua
1255 685 1419 728 cervice,

249 741 376 776 cristis
397 738 515 783 celsa,
534 738 768 788 caelumque
790 737 871 775 sola
892 737 1091 774 volucrum
1112 739 1251 787 aspicit
1270 737 1420 780 crebra,

249 794 290 828 in
321 791 488 829 sublime
519 791 687 828 caudam
720 804 877 841 quoque
909 790 1095 827 falcatam
1126 792 1292 840 erigens.
1346 791 1419 826 ita·

251 858 328 895 que
352 847 492 882 terrori
516 851 607 882 sunt
631 847 753 881 etiam
777 843 953 881 leonibus
977 843 1148 880 ferarum
1171 845 1419 893 generosissi-

185 905 226 935 48
251 900 336 935 mis.
390 901 469 934 iam
491 911 539 935 ex
562 898 620 934 his
643 897 804 947 quidam
826 897 875 934 ad
908 897 1010 933 bella
1031 902 1187 933 tantum
1211 902 1252 932 et
1273 895 1420 945 proelia

250 951 415 988 adsidua
427 951 838 1000 nascuntur—quibus
854 952 975 987 etiam
990 952 1137 1000 patrias
1150 949 1420 992 nobilitarunt,

251 1004 435 1041 Rhodum
456 1010 525 1041 aut
544 1004 789 1054 Tanagram3
824 1003 1018 1040 secundus
1039 1009 1100 1039 est
1119 1002 1241 1039 honos
1261 1001 1418 1038 habitus

253 1057 408 1094 Melicis
430 1063 471 1094 et
493 1057 835 1101 Chalcidicis,——ut
856 1056 972 1107 plane
994 1056 1138 1106 dignae
1160 1055 1243 1091 aliti
1262 1060 1418 1091 tantum

187 1117 226 1147 49
252 1110 409 1147 honoris
444 1110 653 1161 perhibeat
689 1110 867 1147 Romana
901 1122 1085 1159 purpura.
1144 1108 1283 1145 horum
1329 1114 1419 1144 sunt

251 1164 425 1214 tripudia
465 1164 682 1207 sollistima,
723 1162 759 1199 hi
800 1165 1055 1212 magistratus
1094 1167 1247 1198 nostros
1276 1161 1420 1198 cotidie

251 1223 396 1267 regunt
425 1217 644 1267 domusque
674 1219 766 1266 ipsis
795 1230 883 1253 suas
911 1215 1102 1252 claudunt
1131 1221 1200 1252 aut
1227 1220 1419 1258 reserant,

252 1270 291 1306 hi
307 1270 432 1307 fasces
450 1270 646 1306 Romanos
662 1269 856 1319 inpellunt
873 1275 942 1306 aut
957 1271 1147 1313 retinent,
1161 1268 1301 1305 iubent
1317 1270 1419 1304 acies

253 1330 321 1360 aut
377 1323 603 1373 prohibent,
657 1326 908 1360 victoriarum
961 1324 1135 1358 omnium
1187 1327 1273 1358 toto
1326 1321 1419 1357 orbe

252 1382 455 1426 partarum
475 1379 675 1426 auspices;
707 1375 746 1412 hi
765 1378 936 1412 maxime
955 1381 1150 1412 terrarum
1168 1376 1332 1424 imperio
1350 1376 1419 1410 im-

253 1436 409 1480 perant,
426 1432 528 1466 extis
546 1432 667 1466 etiarn
685 1429 869 1478 fibrisque
886 1428 984 1465 haut
1000 1428 1114 1464 aliter
1130 1441 1248 1477 quam
1265 1429 1418 1476 opimae

252 1485 436 1520 victimae
453 1483 525 1520 diis
541 1489 693 1533 gratae.
742 1481 893 1519 habent
908 1487 1065 1518 ostenta
1087 1487 1127 1518 et
1141 1481 1156 1504 ³
1175 1483 1418 1530 praeposteri

253 1549 388 1573 eorum
408 1539 702 1586 vespertinique
726 1541 886 1572 cantus:
924 1547 1095 1584 namque
1119 1536 1214 1570 totis
1237 1534 1417 1570 noctibus

468 1650 479 1667 1
503 1649 566 1680 nisi
583 1648 654 1679 add*
676 1649 744 1680 erm.

465 1691 477 1709 ²
502 1691 657 1731 Maykoff
668 1703 675 1722 :
700 1691 878 1731 contingit.

466 1736 478 1753 ³
502 1734 555 1765 v.l.
571 1744 613 1764 ex
629 1744 663 1764 se
679 1738 714 1765 et,
731 1737 786 1772 (ex
801 1744 836 1764 re
852 1733 1013 1773 cognita?
1030 1732 1207 1772 Mayhvoff).

295 1859 308 1872 ‘¹
333 1854 457 1885 Omens
476 1863 560 1883 were
580 1852 683 1883 taken
703 1853 789 1883 from
809 1852 867 1883 the
886 1862 961 1891 way
980 1852 1015 1882 in
1033 1851 1142 1881 which
1162 1850 1318 1881 chjokens
1336 1849 1419 1891 kept

249 1898 301 1928 ior
319 1896 377 1927 the
397 1906 541 1936 purpose
560 1899 616 1926 ate
635 1896 730 1935 grain
748 1895 850 1935 given
869 1898 905 1925 to
924 1894 1035 1930 them;
1069 1895 1096 1924 it
1114 1904 1182 1924 was
1201 1904 1220 1924 a
1239 1893 1326 1933 good
1345 1893 1418 1932 sign

245 1940 272 1971 if
302 1939 384 1979 they
407 1944 463 1970 ate
494 1938 655 1979 greedily,
680 1937 801 1978 letting
823 1938 919 1977 grain
941 1937 1025 1977 drop
1050 1946 1093 1966 on
1115 1936 1172 1966 the
1193 1936 1324 1976 ground
1345 1936 1379 1966 in
1399 1946 1418 1966 a

248 1981 429 2023 ‘perfectly
447 1981 578 2020 regular
594 1980 803 2020 three-step,⁷
821 1979 1009 2019 tripudium
1025 1977 1248 2015 sollistimum,
1266 1977 1336 2009 like
1361 1977 1419 2009 the

246 2025 346 2064 triple
364 2025 441 2055 beat
460 2024 494 2055 of
511 2024 569 2054 the
587 2023 659 2054 foot
677 2023 710 2054 in
728 2034 747 2053 a
765 2022 869 2053 ritual
886 2021 1003 2052 danee.

255 2097 322 2133 3²2
