1482 2312
140 370 201 401 179

145 799 156 828 l
164 800 204 829 80

148 1534 205 1565 181

422 138 587 176 PLINY
601 152 610 177 ι
660 139 924 176 NATURAL
959 137 1194 176 HISTORY

223 248 264 279 et
287 255 348 286 xx,
362 255 435 278 nec
448 247 536 279 tota
556 255 627 279 sua
646 247 783 279 aetate
803 246 1013 291 generant,
1026 241 1109 278 fere
1124 254 1147 277 a
1161 240 1395 278 duodecimo

222 304 461 340 desinentes.

277 364 428 401 Felium
447 369 488 401 et
504 363 813 401 ichneumonum
831 363 983 413 reliqua
1000 369 1044 400 ut
1061 375 1227 407 canum3
1259 365 1395 399 vivunt

223 428 334 462 annis
373 425 515 462 denis.l
556 425 780 475 dasypodes
823 427 927 461 omni
968 437 1103 461 mense
1142 427 1314 474 pariunt,
1353 429 1394 461 et

223 486 487 537 superfetant,
505 489 607 523 sicut
625 486 778 536 lepores
793 498 801 529 3
835 500 857 522 a
875 491 993 535 partu
1011 488 1147 522 statim
1166 485 1393 535 implentur.

223 550 449 598 concipiunt
487 550 665 598 quamvis
703 548 826 584 ubera
863 549 1037 583 siccante
1077 545 1185 590 fetu3
1236 548 1394 596 pariunt

224 609 346 646 vero2
378 622 528 646 caecos.
584 608 801 659 elephanti,
834 614 879 645 ut
911 608 1096 652 diximus,
1129 610 1288 658 pariunt
1320 609 1392 644 sin-

224 670 335 720 gulos
370 669 645 720 magnitudine
679 669 789 706 vituli
824 671 1075 706 trimenstris.
1129 669 1268 705 cameli
1302 668 1393 705 duo-

224 731 352 768 decim
396 732 597 768 mensibus
640 730 788 775 ferunt,
830 744 854 767 a
895 733 1060 767 trimatu
1102 732 1262 780 pariunt
1305 742 1395 766 vere

226 795 452 842 iterumque
486 798 575 842 post
602 805 750 829 annum
786 791 1003 842 implentur
1036 805 1059 828 a
1086 797 1216 842 partu.
1274 803 1395 841 equas

225 859 361 891 autem
386 859 475 904 post
495 856 660 890 tertium
681 853 843 890 demum
864 859 933 890 aut
952 858 1043 903 post
1063 866 1185 890 unum
1206 853 1256 889 ab
1277 854 1394 889 enixu

226 915 377 952 utiliter
397 915 556 952 admitti
577 921 745 965 putant3
773 920 1002 965 coguntque
1032 916 1185 951 invitas.
1241 913 1395 950 asinas3

226 982 268 1013 et
290 979 460 1026 septimo
478 976 493 999 4
515 976 578 1013 die
601 978 808 1026 concipere
830 976 1014 1013 facillime
1036 975 1222 1013 creditur.
1277 988 1390 1025 equa·

227 1052 312 1074 rum
342 1038 454 1074 iubas
485 1038 652 1074 tondere
682 1040 931 1088 praecipiunt
955 1043 1000 1074 ut
1027 1039 1225 1074 asinorum
1248 1038 1395 1073 coitum

226 1102 430 1150 patiantur
445 1098 686 1143 humilitate,
700 1105 905 1136 comantes
921 1100 1026 1135 enim
1042 1098 1166 1149 gloria
1180 1098 1396 1148 superbire.

228 1174 251 1197 a
276 1163 382 1197 coitu
409 1160 514 1197 solae
541 1160 769 1197 animalium
796 1165 958 1196 currunt
985 1159 1224 1196 exadversus
1251 1158 1397 1209 aquilo-

227 1235 320 1259 nem
335 1227 563 1258 austrumve
579 1227 696 1272 prout
711 1235 862 1258 marem
878 1227 948 1258 aut
963 1220 1152 1258 feminam
1167 1233 1397 1270 concepere.

227 1283 398 1320 colorem
419 1283 507 1320 ilico
528 1288 687 1320 mutant
708 1284 883 1319 rubriore
905 1282 985 1333 pilo
1006 1282 1066 1320 vel
1089 1284 1327 1332 quicumque
1349 1283 1400 1318 sit

228 1344 426 1395 pleniore:
462 1344 536 1381 hoc
558 1350 795 1395 argumento
817 1344 1004 1381 desinunt
1027 1343 1255 1387 admittere,
1277 1345 1399 1380 etiam

229 1406 438 1443 volentes.⁵
488 1419 560 1442 nec
594 1406 763 1456 impedit
797 1411 934 1456 partus
965 1405 1156 1455 quasdam
1187 1405 1238 1442 ab
1266 1417 1399 1455 opere,

230 1466 451 1517 falluntque
478 1467 678 1517 gravidae.
733 1469 869 1504 vicisse
898 1466 1084 1517 Olympia
1110 1471 1400 1517 praegnantem

233 1528 504 1565 Echecratidis
530 1528 706 1565 Thessali
729 1530 962 1565 invenimus.
1017 1541 1139 1578 equos
1160 1533 1202 1565 et
1221 1540 1339 1564 canes
1360 1533 1401 1564 et

231 1603 319 1627 sues
356 1592 499 1627 initum
536 1592 779 1627 matutinum
816 1589 1022 1640 adpetere,
1060 1589 1227 1626 feminas
1264 1593 1399 1625 autem

232 1657 321 1701 post
343 1651 550 1688 meridiem
572 1651 741 1688 blandiri
764 1651 1035 1702 diligentiores
1057 1650 1244 1693 tradunt3
1281 1662 1401 1700 equas

363 1755 373 1772 ¹
400 1754 548 1786 Brotier:
578 1755 675 1785 senis.
920 1753 930 1770 '³
955 1753 1153 1784 Hardouin:
1178 1762 1257 1783 non.

361 1797 374 1816 ³
395 1796 509 1827 asinas
524 1796 599 1827 add.
617 1796 809 1828 Pintianus.

361 1839 374 1858 ⁴
397 1839 559 1871 Mueller:
591 1843 625 1870 et,
642 1839 762 1870 mulier
779 1839 933 1879 septimo.

363 1881 375 1900 ⁶
397 1882 451 1913 v.l.
468 1881 631 1912 nolentes.

412 2004 426 2018 ‘¹
449 2001 519 2031 The
537 2001 629 2032 MSS.
646 2001 724 2041 give
741 1999 748 2011 ‘
765 1999 839 2031 six?
1032 1998 1044 2017 '²
1068 1999 1152 2029 VIII
1169 2000 1220 2030 28.

232 2062 303 2105 406
