1482 2312
150 329 207 359 171

430 98 594 137 PLINY
609 112 619 137 ε
668 98 930 136 NATURAL
965 97 1198 135 HISTORY

232 204 411 251 onagris;
450 206 540 250 post
567 214 658 238 eum
684 203 835 237 interiit
861 203 1077 236 auctoritas
1102 202 1251 248 saporis
1277 201 1398 236 asino.

232 265 427 299 moriente
444 264 528 299 visu
544 262 557 284 ¹
575 261 780 298 celerrime
797 261 837 297 id
853 274 979 310 genus
996 260 1142 297 deficit.

282 323 425 360 LXIX.
459 323 519 359 Ex
554 326 662 359 asino
698 328 739 358 et
775 335 878 371 equa
911 321 1020 358 mula
1053 323 1230 371 gignitur
1265 334 1400 358 mense

233 398 319 428 xm,
351 384 498 421 animal
528 384 673 420 viribus
705 386 744 419 in
773 383 929 419 labores
961 385 1161 419 eximium.
1216 382 1267 419 ad
1298 382 1401 419 tales

234 452 372 494 partus
406 459 527 495 equas
560 458 690 494 neque
724 444 938 494 quadrimis
970 446 1140 481 minores
1172 456 1303 493 neque
1335 443 1400 480 de·

232 507 422 543 cennibus
438 509 605 544 maiores
621 506 772 555 legunt.
828 507 1033 554 arcerique
1049 510 1263 554 utrumque
1277 517 1403 555 genus

233 568 283 604 ab
308 568 435 604 altero
460 573 623 604 narrant
650 569 722 603 nisi
748 569 787 602 in
812 565 982 603 infantia
1008 568 1091 603 eius
1116 568 1272 616 generis
1298 565 1403 615 quod

233 632 343 666 ineat
368 629 473 666 lacte
499 628 665 672 haust03
706 633 950 677 quapropter
976 627 1184 676 subreptos
1210 627 1337 677 pullos
1363 630 1402 663 in

232 691 409 727 tenebris
439 703 631 740 equarum
661 690 773 726 uberi
803 692 1053 726 asinarumve
1084 688 1240 725 eculeos
1270 688 1403 725 admo-

238 757 342 788 vent.
398 754 575 802 gignitur
603 756 739 787 autem
767 750 874 787 mula
903 756 944 787 et
961 750 975 772 2
1003 763 1052 786 ex
1082 763 1184 800 equo
1212 755 1253 787 et
1281 752 1404 794 asina,

238 813 308 850 sed
325 812 480 849 effrenis
497 818 538 849 et
558 812 760 849 tarditatis
777 811 1123 848 indomitae.lenta
1138 814 1270 848 omnia
1286 811 1354 847 et³
1382 824 1404 847 e

153 880 213 910 172
233 874 388 911 vetulis.
442 880 681 923 conceptum
718 886 767 910 ex
808 886 911 923 equo
952 878 1112 909 secutus
1147 875 1242 909 asini
1278 875 1404 910 coitus

235 936 377 972 abortu
402 938 576 985 perimit,
601 948 678 971 non
704 938 801 971 item
827 947 875 971 ex
900 937 1009 971 asino
1031 937 1134 984 equi.
1190 933 1358 971 feminas
1382 947 1405 970 a

234 1003 352 1046 partu
371 1000 521 1046 optime
541 999 711 1046 septimo
730 996 795 1033 die
814 995 969 1045 impleri
988 996 1256 1039 observatum,
1275 1008 1404 1032 mares

234 1057 425 1108 fatigatos
465 1058 606 1094 melius
646 1057 823 1107 implere.
880 1070 982 1106 quae
1023 1069 1100 1093 non
1140 1059 1246 1106 prius
1286 1070 1405 1107 quam

234 1119 376 1156 dentes
420 1133 516 1169 quos
559 1119 728 1168 pullinos
771 1118 977 1168 appellant
1019 1121 1138 1155 iaciat
1180 1121 1406 1167 conceperit

236 1181 379 1218 sterilis
409 1180 522 1218 esse4
551 1180 812 1230 intellegitur,
844 1186 885 1216 et
914 1193 1017 1230 quae
1045 1193 1124 1216 non
1152 1182 1278 1229 primo
1306 1182 1406 1216 initu

235 1255 428 1292 generare
475 1245 664 1292 coeperit.
720 1255 823 1291 equo
861 1247 902 1278 et
939 1244 1049 1278 asina
1084 1243 1241 1291 genitos
1278 1254 1406 1278 mares

236 1303 417 1341 hinnulos
454 1307 606 1353 antiqui
645 1304 855 1347 vocabant,
891 1309 1110 1352 contraque
1147 1302 1273 1340 mulos
1310 1315 1406 1352 quos

154 1371 214 1402 173
235 1368 331 1402 asini
363 1371 405 1402 et
435 1378 562 1415 equae
590 1370 843 1415 generarent.
901 1364 1155 1402 observatum
1181 1377 1230 1400 ex
1254 1363 1407 1401 duobus

236 1427 398 1464 diversis
423 1427 635 1477 generibus
661 1432 758 1463 nata
782 1429 891 1463 tertii
917 1428 1074 1476 generis
1100 1425 1183 1462 fieri
1210 1431 1251 1462 et
1276 1427 1407 1462 neutri

236 1491 463 1537 parentium
497 1501 582 1525 esse
617 1488 772 1531 similia,
807 1500 935 1537 eaque
969 1490 1054 1536 ipsa
1088 1499 1191 1536 quae
1225 1492 1317 1523 sunt
1350 1489 1407 1523 ita

237 1555 333 1586 nata
351 1563 428 1586 non
447 1552 611 1600 gignere
631 1552 669 1586 in
691 1551 796 1585 omni
815 1548 1045 1585 animalium
1065 1561 1235 1598 genere3
1265 1547 1408 1585 idcirco

236 1611 362 1648 mulas
380 1624 458 1648 non
475 1624 627 1660 parere.
684 1616 744 1647 est
762 1612 801 1646 in
820 1610 1028 1647 annalibus
1046 1612 1188 1646 nostris
1206 1612 1407 1659 peperisse

463 1714 474 1732 ¹
498 1714 550 1744 v.l.
567 1713 652 1744 viso.
804 1711 816 1730 ²
838 1716 873 1743 et
889 1712 963 1743 add.
981 1711 1153 1752 Dellefsen.

331 1756 345 1776 ⁸
368 1757 408 1788 M
410 1756 523 1797 ayhoff
533 1768 540 1788 ε
566 1756 680 1787 omnia
695 1766 778 1786 esse.
920 1755 933 1774 ⁴
955 1765 1027 1786 esse
1042 1755 1116 1785 add.
1133 1753 1312 1786 Rackham.

277 1862 293 1878 ⁶
316 1859 344 1890 A
360 1859 494 1890 variant
508 1862 583 1890 text
597 1859 690 1899 gives
706 1857 713 1870 ⁵
730 1858 793 1889 but
807 1857 896 1889 after
910 1857 961 1889 his
976 1858 1059 1888 time
1073 1857 1141 1888 this
1156 1857 1305 1897 delicacy
1321 1860 1410 1888 went

232 1906 293 1934 out
311 1902 349 1933 of
363 1902 494 1933 favour.
543 1901 694 1932 Animals
713 1901 750 1932 of
765 1901 832 1931 this
849 1911 955 1942 genus
974 1911 1054 1943 very
1074 1900 1210 1942 quickly
1229 1900 1294 1941 flag
1312 1900 1410 1931 when

232 1945 314 1985 they
333 1944 419 1976 have
435 1955 514 1975 seen
530 1955 550 1976 a
568 1944 671 1986 dying
689 1943 847 1985 donkey.’

243 2016 310 2040 120
