1482 2312
154 429 189 459 91

154 1591 194 1621 93

420 137 585 176 PLINY
599 152 608 176 z
657 138 919 176 NATURAL
953 137 1188 176 HISTORY

220 240 470 277 dulcedinem
493 253 611 289 quam
633 242 806 276 maxime
826 239 997 283 hiantes,
1018 242 1058 276 in
1080 253 1157 289 qua
1180 239 1385 289 voluptate

219 314 354 338 somno
382 314 558 350 pressum
585 303 834 350 conspicatus
861 300 1099 337 ichneumon
1125 314 1196 350 per
1223 301 1382 338 easdem

218 363 352 399 fauces
373 368 417 398 ut
437 362 563 398 telum
583 361 742 411 aliquod
762 364 943 398 inmissus
965 362 1092 398 erodit
1112 362 1252 398 alvom.

265 423 492 459 XXXVIII.
533 422 676 459 Similis
716 422 925 466 crocodilo,
962 422 1032 459 sed
1084 426 1210 459 minor
1262 426 1384 460 etiam

219 483 493 527 ichneumone,
512 490 572 520 est
599 486 638 519 in
656 483 746 520 Nilo
763 489 881 520 natus
898 486 1061 527 scincos‚
1077 490 1215 520 contra
1233 497 1385 520 venena

217 548 450 595 praecipuus
469 544 673 589 antidotis,
690 547 787 581 item
805 544 857 581 ad
873 544 1197 581 inflammandam
1215 548 1383 581 virorum

219 619 415 642 venerem.

268 668 414 703 Verum
432 670 470 702 in
490 667 684 703 crocodilo
700 670 825 703 maior
846 673 934 703 erat
955 670 1077 716 pestis
1099 680 1218 717 quam
1240 673 1284 704 ut
1306 680 1383 704 uno

218 734 321 765 esset
342 731 424 765 eius
443 728 556 764 hoste
574 734 718 764 natura
735 734 938 764 contenta.
993 731 1130 778 itaque
1149 734 1190 765 et
1209 727 1382 778 delphini

217 793 439 826 inmeantes
474 789 576 833 Nilo,
610 802 776 838 quorum
809 789 923 826 dorso
956 795 1164 839 tamquam
1197 789 1247 826 ad
1280 789 1382 826 hunc

216 864 329 887 usum
349 851 557 887 cultellata
577 853 679 887 inest
699 853 834 900 pinna,
855 851 1063 900 abigentes
1084 864 1150 888 eos
1170 851 1319 900 praeda
1338 864 1384 888 ac

218 912 326 948 velut
343 914 381 947 in
398 925 467 948 suo
482 918 642 948 tantum
658 924 774 948 amne
791 917 1019 962 regnantes,
1035 912 1210 962 alioquin
1226 915 1385 961 inpares

218 974 361 1009 viribus
374 976 446 1022 ipsi
456 980 544 1009 astu
558 975 803 1009 interimunt.
831 973 979 1009 callent
987 976 1092 1010 enim
1105 976 1145 1009 in
1157 972 1230 1010 hoc
1242 979 1385 1010 cuncta

217 1034 418 1078 animalia,
433 1037 642 1083 sciuntque
657 1047 736 1070 non
751 1047 821 1071 sua
837 1034 954 1071 modo
969 1035 1176 1071 commoda
1191 1048 1326 1072 verum
1346 1041 1386 1072 et

217 1095 387 1132 hostium
413 1095 590 1139 adversa,
615 1101 759 1131 norunt
783 1109 852 1132 sua
875 1095 972 1139 tela,
995 1101 1139 1133 norunt
1163 1099 1385 1133 occasiones

217 1163 430 1207 partesque
469 1156 743 1193 dissidentium
784 1157 950 1193 inbellis.
1004 1160 1043 1193 in
1082 1163 1220 1194 ventre
1259 1157 1386 1194 mollis

218 1224 277 1254 est
320 1221 531 1267 tenuisque
568 1221 668 1254 cutis
705 1218 921 1262 crocodilo3
972 1219 1060 1255 ideo
1097 1232 1138 1255 se
1175 1224 1219 1255 ut
1256 1222 1384 1256 territi

217 1285 403 1329 mergunt
438 1278 612 1328 delphini
650 1280 946 1329 subeuntesque
983 1279 1114 1316 alvum
1147 1280 1216 1316 illa
1249 1286 1386 1317 secant

215 1343 339 1389 spina.
395 1344 488 1390 quin
533 1347 573 1377 et
618 1353 715 1390 gens
760 1340 961 1377 hominum
1006 1347 1067 1378 est
1109 1340 1198 1377 huic
1240 1341 1383 1378 beluae

217 1402 381 1438 adversa
410 1405 447 1437 in
474 1404 557 1450 ipso
587 1402 675 1437 Nilo
712 1415 733 1437 a
761 1402 925 1452 Tentyri
952 1402 1079 1439 insula
1106 1405 1144 1438 in
1173 1416 1251 1452 qua
1277 1402 1385 1439 habi-

216 1469 279 1499 tat
295 1463 512 1512 appellata.
567 1476 752 1499 mensura
770 1476 904 1500 eorum
921 1477 1056 1512 parva,
1076 1464 1146 1500 sed
1159 1467 1385 1513 praesentia

217 1527 336 1560 animi
354 1527 392 1560 in
411 1523 483 1560 hoc
496 1530 655 1560 tantum
675 1538 747 1561 usu
766 1527 876 1561 mira.
931 1525 1117 1562 terribilis
1134 1524 1232 1561 haec
1248 1531 1385 1562 contra

216 1584 378 1635 fugaces
416 1585 532 1622 belua
572 1592 646 1629 est,
683 1585 806 1635 fugax
844 1592 982 1622 contra
1018 1586 1262 1636 sequentes.1
1315 1587 1385 1623 sed

217 1646 425 1683 adversum
447 1650 502 1683 ire
524 1646 595 1683 soli
616 1645 654 1682 hi
677 1647 841 1690 audent,
864 1650 928 1697 qui
952 1653 994 1684 et
1017 1647 1165 1684 flumini
1187 1650 1385 1691 innatant,

351 1733 361 1751 ¹
385 1732 622 1773 Dalecampiue
638 1745 644 1763 :
670 1737 843 1774 serpentes
859 1734 1067 1773 (resistentes
1083 1733 1246 1773 Solinus).

265 1855 280 1870 ‘²
299 1850 371 1882 The
390 1860 489 1881 name
508 1851 535 1881 is
554 1860 627 1881 now
647 1850 747 1891 given
765 1854 802 1881 to
821 1861 842 1881 a
860 1861 941 1892 very
962 1850 1056 1882 small
1077 1851 1184 1882 South
1205 1851 1383 1892 European

218 1893 339 1943 lizard3
379 1894 440 1923 but
466 1893 563 1933 Pliny
589 1893 754 1934 probably
780 1893 880 1924 refers
905 1898 942 1924 to
968 1904 1059 1924 some
1084 1893 1174 1934 large
1198 1894 1323 1935 species
1348 1895 1383 1926 of

218 1936 351 2010 lulag—6.
366 1979 573 2020 Tentyritae.
740 1978 750 1991 ⁶
765 1979 847 2010 Now
869 1979 1057 2010 Denderah.

219 2042 264 2078 66
