1482 2312
435 137 561 175 PLIN
565 139 598 175 Y
615 152 623 175 :
673 138 709 175 N
712 138 936 176 ATURAL
971 137 1205 175 HISTORY

234 246 370 278 cetero
391 253 541 291 genera
563 253 699 277 eorum
722 239 845 290 plura.
901 252 993 276 nam
1017 245 1058 276 et
1081 239 1171 290 alga
1192 245 1406 277 vescuntur

236 300 278 331 et
295 297 435 331 ostreis
454 299 495 331 et
513 293 607 330 limo
625 299 667 330 et
685 293 849 329 aliorum
868 295 1033 342 piscium
1051 305 1191 336 carne3
1223 299 1264 330 et
1283 294 1406 330 barba

168 354 209 384 65
235 350 396 398 gemina
415 349 682 396 insigniuntur
701 345 885 382 inferiore
907 346 1027 382 labro.
1084 345 1269 382 lutarium
1290 359 1339 383 ex
1359 348 1405 383 iis

235 400 407 437 vilissimi
432 402 589 449 generis
613 399 828 449 appellant.
883 398 987 435 hunc
1010 411 1168 448 semper
1190 401 1403 436 comitatur

235 466 373 503 sargus
416 455 575 489 nomine
618 452 716 489 alius
758 454 889 502 piscis,
932 458 973 488 et
1014 465 1183 488 caenum
1226 451 1404 489 fodiente

237 519 284 543 eo
331 508 552 543 excitatum
599 505 764 542 devorat
811 504 1012 555 pabulum.
1068 518 1141 541 nec
1188 504 1405 542 litoralibus

235 562 376 610 gratia.
431 559 692 595 laudatissimi
737 557 987 608 conchylium
1031 560 1202 608 sapiunt.
1257 571 1401 595 nomen

235 611 294 649 his
326 612 551 649 Fenestella
581 625 604 648 a
632 611 762 648 colore
791 611 1025 648 mulleorum
1055 611 1403 648 calciamentorum

235 665 375 703 datum
390 671 520 716 putat.
574 668 734 715 pariunt
748 670 811 702 ter
826 667 959 701 annis:
988 670 1096 701 certe
1112 667 1260 701 totiens
1274 663 1407 701 fetura

169 725 210 756 66
236 725 416 769 apparet.
481 717 646 756 mullum
685 720 936 768 expirantem
975 717 1193 754 versicolori
1233 717 1406 768 quadam

237 778 279 809 et
308 785 520 809 numerosa
546 774 741 808 varietate
768 773 938 821 spectari
965 783 1148 820 proceres
1173 770 1291 821 gulae
1319 784 1406 807 nar-

235 831 340 869 rant,
378 826 608 862 rubentium
646 837 899 874 squamarum
938 823 1144 874 multiplici
1182 826 1405 861 mutatione

235 878 537 929 pallescentem‚
558 880 696 927 utique
717 880 748 914 si
770 880 871 915 vitro
891 883 1096 927 spectetur
1114 877 1298 914 inclusus.
1345 877 1402 914 M.

235 933 398 982 Apicius
419 931 468 968 ad
490 944 606 968 omne
628 931 742 967 luxus
762 933 966 981 ingenium
986 936 1103 967 natus
1118 930 1132 953 1
1153 933 1193 966 in
1213 932 1405 967 sociorum

235 998 476 1036 garo—nam
527 997 575 1021 ea
624 997 782 1034 quoque
832 996 893 1020 res
943 996 1163 1033 cognomen
1204 986 1406 1020 invenit—

236 1040 368 1075 necari
384 1039 399 1061 ²
416 1051 482 1075 eos
499 1037 742 1088 praecellens
758 1039 930 1087 putavit,
947 1042 1068 1086 atque
1086 1050 1107 1074 e
1124 1039 1252 1073 iecore
1270 1049 1406 1074 eorum

169 1098 209 1129 67
237 1091 387 1128 alecem
435 1090 686 1141 excogitari.³
751 1090 899 1127 XXXI.
935 1089 1256 1140 provocavit—id
1299 1093 1406 1127 enim

237 1151 299 1182 est
319 1143 470 1181 facilius
497 1144 642 1181 dixisse
664 1157 783 1194 quam
805 1146 890 1193 quis
911 1144 1262 1180 vicerit—Asinius
1292 1143 1406 1180 Celer

237 1211 259 1235 e
297 1197 566 1235 consularibus
608 1197 682 1234 hoc
719 1199 825 1247 pisce
863 1196 1079 1247 prodigos4
1117 1209 1266 1240 omnes,
1305 1196 1404 1233 Gaio

235 1254 411 1302 principe
450 1264 572 1287 unum
606 1256 804 1287 mercatus
843 1249 921 1287 HS.
952 1263 1024 1286 vm
1061 1249 1237 1286 mullum.
1302 1263 1405 1300 quae

236 1307 438 1354 reputatio
470 1303 600 1340 aufert
630 1310 850 1341 traversum
881 1306 1055 1339 animum
1083 1303 1133 1339 ad
1162 1302 1405 1353 contempla-

235 1360 387 1395 tionem
417 1370 552 1394 eorum
579 1360 644 1407 qui
671 1359 710 1393 in
733 1359 1016 1406 conquestione
1046 1356 1160 1393 luxus
1187 1369 1299 1393 cocos
1327 1358 1404 1393 emi

235 1411 408 1461 singulos
437 1411 557 1461 pluris
591 1423 710 1460 quam
744 1423 866 1460 equos
901 1410 1180 1459 queritabant3
1221 1415 1263 1446 at
1302 1422 1404 1446 nunc

236 1467 317 1501 coci
356 1466 476 1501 trium
513 1463 684 1501 horum5
722 1466 861 1513 pretiis
898 1468 1089 1513 parantur
1135 1468 1177 1500 et
1223 1475 1403 1499 cocorum

235 1520 376 1568 pisces,
415 1517 623 1567 nullusque
666 1530 788 1567 prope
831 1519 909 1552 iam
955 1515 1130 1553 mortalis
1173 1518 1405 1553 aestimatur

368 1632 378 1649 ¹
402 1631 600 1662 Hardoain:
628 1630 747 1661 maius,
915 1629 926 1647 ²
950 1632 1095 1660 necare?
1114 1629 1263 1660 Mueller.

366 1674 378 1692 ³
401 1673 590 1705 Racklzam:
615 1673 817 1713 excogitare.
911 1672 924 1690 ⁴
947 1672 1109 1704 Mueller:
1136 1671 1305 1712 prodigus.

369 1716 381 1734 ⁵
403 1716 576 1748 Reineszfus
593 1716 653 1755 (vel
668 1717 773 1747 trium
789 1720 969 1755 equorum)
985 1726 992 1745 :
1017 1714 1279 1755 triumphorum.

274 1843 288 1857 ⁶
314 1835 359 1867 Or
371 1835 514 1876 perhaps
527 1835 534 1847 ²
546 1834 736 1866 Fenestella
748 1833 864 1865 thinks
876 1833 953 1864 that
966 1833 1033 1864 this
1046 1832 1107 1864 fish
1121 1833 1192 1870 (the
1204 1832 1260 1863 red
1273 1832 1403 1873 mullet)

232 1879 293 1910 has
318 1878 468 1909 received
494 1879 538 1908 its
564 1887 662 1908 name
690 1877 776 1907 from
803 1877 860 1907 the
888 1877 1002 1907 colour
1029 1876 1063 1907 of
1090 1876 1148 1907 the
1173 1875 1270 1907 shoes
1297 1875 1402 1907 called

231 1922 378 1995 mz‘eugor
392 1963 459 1994 this
477 1963 653 1994 fish-sauce
669 1972 722 1993 see
740 1961 864 1992 XXXI
881 1962 932 1993 93.

281 2011 292 2026 ⁶
314 2007 381 2048 Say
394 2007 458 2039 270
470 2005 559 2047 gold.

240 2068 310 2104 206
