1482 2312
416 141 583 180 PLINY
597 156 605 180 z
655 143 918 180 NATURAL
952 143 1186 180 HISTORY

222 247 373 282 minum
389 257 590 282 sermones
607 247 753 281 imitari
770 250 812 281 et
827 244 1102 282 mantichoran
1118 247 1157 281 in
1175 245 1389 296 Aethiopia

221 315 359 346 auctor
377 314 438 346 est
457 308 569 345 Iuba.

139 378 199 409 108
270 372 413 409 XLVI.
444 372 637 422 Hyaenae
675 372 868 421 plurimae
905 375 1125 423 gignuntur
1162 375 1202 409 in
1239 373 1388 418 Africa,

222 449 324 485 quae
354 442 395 472 et
424 438 622 472 asinorum
650 435 889 472 silvestrium
917 436 1216 473 multitudinem
1244 436 1387 474 fundit.

221 513 350 536 mares
390 503 429 535 in
470 513 516 536 eo
555 512 703 549 genere
743 499 887 549 singuli
926 499 1163 537 feminarum
1202 501 1388 551 gregibus

221 566 464 613 imperitant.
520 566 666 600 timent
677 563 849 600 libidinis
863 563 1038 601 aemulos
1052 570 1093 601 et
1105 564 1195 601 ideo
1207 565 1388 614 gravidas

220 628 452 664 custodiunt
477 640 689 677 morsuque
712 633 827 664 natos
857 641 985 664 mares
1013 634 1215 672 castrant3
1251 634 1389 666 contra

220 692 408 742 gravidae
440 692 615 728 latebras
647 697 793 741 petunt
826 698 867 728 et
900 705 1039 741 parere
1072 691 1179 729 furto
1210 695 1386 742 cupiunt.

219 756 479 806 gaudentque
507 758 620 805 copia
648 755 831 793 libidinis.

140 825 199 856 109
270 820 435 856 XLVII.
465 820 638 856 Easdem
658 826 793 869 partes
814 820 886 857 sibi
908 823 982 869 ipsi
1003 819 1157 857 Pontici
1177 826 1388 871 amputant

222 884 306 920 fibri
352 884 526 933 periculo
571 889 783 934 urguente,
827 884 878 920 ob
922 883 995 920 hoc
1040 897 1082 921 se
1126 887 1210 934 peti
1254 888 1387 935 gnari:

219 954 442 985 castoreum
469 948 508 984 id
535 954 676 984 vocant
702 947 858 984 medici.
912 947 1009 985 alias
1035 948 1181 985 animal
1205 948 1387 986 horrendi

220 1026 371 1049 morsus
400 1012 559 1049 arbores
588 1015 700 1048 iuxta
729 1011 891 1048 flumina
920 1018 964 1049 ut
993 1011 1096 1049 ferro
1124 1013 1279 1056 caedit3
1320 1012 1388 1050 ho·

221 1079 335 1113 minis
377 1082 491 1126 parte
532 1075 805 1125 conprehensa
846 1089 923 1113 non
965 1082 1059 1113 ante
1101 1090 1220 1126 quam
1261 1076 1388 1114 fracta

219 1143 520 1190 concrepuerint
549 1153 636 1177 ossa
664 1153 815 1177 morsus
845 1140 1015 1177 resolvit.
1069 1141 1196 1178 cauda
1223 1144 1387 1190 piscium

219 1204 292 1248 his,
330 1211 465 1242 cetera
502 1207 653 1253 species
691 1204 841 1241 lutrae:
894 1210 1108 1254 utrumque
1146 1208 1388 1254 aquaticum,

221 1272 379 1319 utrique
402 1269 555 1305 mollior
577 1268 713 1318 pluma
735 1268 848 1318 pilus.

139 1339 199 1369 110
270 1333 457 1369 XLVIII.
491 1333 627 1369 Ranae
662 1346 820 1383 quoque
855 1333 1037 1377 rubetae,
1072 1346 1238 1383 quarum
1273 1339 1315 1370 et
1348 1336 1387 1370 in

220 1404 327 1434 terra
361 1403 401 1434 et
434 1400 472 1433 in
506 1410 642 1434 umore
675 1400 770 1441 vita,
802 1397 979 1446 plurimis
1012 1397 1186 1434 refertae
1217 1397 1388 1435 medica-

220 1462 390 1498 minibus
426 1462 626 1511 deponere
661 1474 709 1498 ea
742 1461 921 1498 cotidiel
956 1475 1001 1498 ac
1035 1474 1236 1499 resumere
1270 1468 1386 1511 pastu

221 1526 419 1570 dicuntur,
442 1539 597 1562 venena
617 1530 777 1562 tantum
801 1539 959 1575 semper
981 1526 1053 1562 sibi
1077 1532 1335 1563 reservantes.

139 1596 196 1626 lll
269 1590 415 1627 XLIX.
445 1590 588 1627 Similis
614 1596 655 1627 et
680 1590 803 1626 vitulo
828 1592 980 1627 marino
1006 1592 1131 1627 victus
1156 1593 1196 1626 in
1220 1593 1318 1627 mari
1343 1604 1387 1627 ac

220 1660 342 1698 terra,
361 1654 487 1691 simile
507 1654 612 1691 fibris
633 1660 674 1690 et
694 1656 909 1704 ingenium.
966 1657 1112 1691 evomit
1131 1653 1186 1691 fel
1204 1668 1318 1691 suum
1337 1654 1387 1692 ad

220 1718 346 1755 multa
372 1718 666 1755 medicamenta
693 1718 805 1762 utile,
832 1721 930 1755 item
956 1718 1166 1769 coagulum
1193 1718 1245 1755 ad
1269 1721 1388 1755 comi-

681 1807 693 1826 1
717 1807 770 1838 vl.
786 1807 931 1839 assidue.

268 1906 283 1921 α
441 1904 455 1910 -

272 1945 283 1964 θ
301 1902 489 2018 Ἰῗῗιῖἓξζὶἒῃ
503 1954 601 2018 gama
615 1943 675 1975 has
690 1944 772 1975 been
786 1943 990 1975 transferred
1003 1947 1039 1975 to
1053 1954 1073 1975 a
1087 1943 1262 1985 vegetable
1279 1943 1333 1976 oil.

266 1993 276 2004 ⁶
323 1998 358 2019 .e.
415 1998 432 2018 e
462 1997 503 2018 oa
531 2011 538 2018 .

223 2051 267 2097 78
