1482 2368
452 98 618 137 PLINY
632 113 641 137 ι
690 99 953 137 NATURAL
988 98 1223 137 HISTORY

254 205 482 253 porrigente
538 201 757 239 clementer
812 207 1011 251 acceptus.
1084 214 1187 238 nunc
1243 201 1423 239 dentium

187 278 227 308 26
250 285 368 309 causa
402 271 524 321 pedes
559 283 695 308 eorum
727 270 952 307 iaculantur
984 270 1130 320 alioqui
1164 270 1422 316 mollissimos,

252 341 507 391 Trogodytae
548 342 783 377 contermini
826 339 1080 389 Aethiopiae,
1122 342 1189 389 qui
1229 338 1304 376 hoc
1343 339 1424 376 solo

255 416 402 447 venatu
417 410 591 453 aluntur,
604 412 845 458 propinquas
860 411 991 445 itineri
1007 421 1142 445 eorum
1156 408 1425 446 conscendunt

255 480 428 523 arbores,
462 478 554 515 inde
587 481 711 514 totius
745 480 912 528 agminis
946 480 1202 515 novissimum
1234 477 1424 527 speculati

256 554 454 585 extremas
485 550 523 583 in
552 547 687 584 clunes
717 546 928 590 desiliunt;
970 546 1085 583 laeva
1115 545 1427 596 adprehenditur

256 617 396 660 cauda,
440 616 563 665 pedes
608 619 808 665 stipantur
853 618 892 651 in
937 618 1094 652 sinistro
1139 614 1310 660 femine;
1370 618 1426 653 ita

254 685 431 735 pendens
443 685 612 722 alterum
624 684 815 734 poplitem
829 684 972 721 dextra
981 684 1113 721 caedit
1125 697 1169 721 ac
1181 684 1196 707 1
1212 690 1427 734 praeacuta

255 755 430 804 bipenni,
472 753 546 790 hoc
588 766 700 790 crure
742 753 904 790 tardato
947 752 1222 803 profugienti²
1264 753 1426 791 alterius

256 823 414 873 poplitis
449 836 587 859 ner-vos
622 821 728 866 ferit,
762 827 905 858 cuncta
939 821 1155 871 praeceleri
1190 825 1426 871 pernicitate

257 905 464 942 peragens.
521 891 586 927 alii
639 893 788 927 tutiore
829 903 977 941 genere
1019 890 1090 927 sed
1131 893 1256 941 magis
1296 890 1425 928 fallaci

258 964 440 1012 ingentes
466 974 577 998 arcus
602 963 778 997 intentos
803 960 983 1010 defigunt
1009 959 1117 996 humi
1143 960 1319 1010 longius;
1357 960 1426 998 hos

256 1033 457 1081 praecipui
485 1030 630 1066 viribus
658 1032 820 1066 iuvenes
847 1032 1069 1073 continent,
1096 1029 1161 1066 alii
1188 1033 1316 1066 conixi
1342 1033 1426 1080 pari

256 1106 402 1136 conatu
455 1099 629 1136 tendunt
684 1112 729 1135 ac
784 1099 1134 1148 praetereuntibus
1189 1102 1426 1149 sagittarum

258 1169 367 1207 vice3
406 1168 602 1206 venabula
648 1167 832 1218 infigunt,
878 1181 970 1204 mox
1015 1171 1216 1218 sanguinis
1262 1171 1427 1219 vestigia

257 1244 454 1275 secuntur.

310 1307 378 1344 IX.
408 1306 723 1357 Elephantorum
758 1310 914 1357 generis
951 1307 1124 1344 feminae
1160 1307 1286 1345 multo
1321 1311 1427 1358 pavi-

259 1376 398 1414 diores.
453 1376 664 1413 domantur
687 1382 822 1412 autem
844 1376 971 1413 rabidi
992 1375 1099 1413 fame
1122 1382 1163 1413 et
1185 1377 1426 1421 verberibus,

259 1445 480 1495 elephantis
513 1445 597 1481 aliis
630 1445 799 1481 admotis
832 1448 898 1495 qui
930 1445 1245 1482 tumultuantem
1275 1449 1426 1483 catenis

258 1520 478 1551 coerceant.
535 1519 575 1550 et
604 1514 700 1550 alias
728 1516 831 1550 circa
858 1516 983 1551 coitus
1012 1517 1185 1551 maxime
1214 1513 1427 1552 efferantur

260 1589 301 1620 et
326 1583 483 1620 stabula
509 1583 695 1619 Indorum
722 1583 908 1619 dentibus
934 1589 1130 1620 sternunt.
1186 1590 1427 1634 quapropter

259 1658 395 1689 arcent
427 1665 493 1689 eos
524 1655 630 1688 coitu
662 1651 978 1701 feminarumque
1010 1655 1195 1702 pecuaria
1225 1659 1426 1702 separant,

260 1735 362 1772 quae
396 1721 502 1758 haud
537 1721 614 1757 alio
649 1721 766 1758 modo
802 1734 920 1771 quam
957 1727 1226 1758 armentorum
1261 1721 1423 1759 habent.

260 1791 398 1828 domiti
417 1791 590 1827 militant
611 1796 651 1827 et
675 1796 798 1827 turres
819 1797 1059 1827 armatorum
1079 1793 1119 1826 in
1137 1791 1260 1828 dorsis
1277 1790 1425 1837 ferunt,

396 1900 408 1918 ²
433 1899 484 1930 vl.
501 1909 563 1930 mn.
582 1909 630 1929 ac.
852 1899 863 1916 ²
885 1898 1071 1930 Rackham:
1096 1899 1300 1940 profugiens.

641 1940 654 1959 ³
682 1941 752 1972 vice
768 1940 842 1972 add.
861 1940 1039 1972 Rackham.

262 2013 307 2038 20
