<?xml version="1.0" encoding="UTF-8"?>
<!DOCTYPE html PUBLIC "-//W3C//DTD XHTML 1.0 Transitional//EN"
    "http://www.w3.org/TR/xhtml1/DTD/xhtml1-transitional.dtd">
<html xmlns="http://www.w3.org/1999/xhtml" xml:lang="en" lang="en">
 <head>
  <title>
</title>
<meta http-equiv="Content-Type" content="text/html;charset=utf-8" />
  <meta name='ocr-system' content='tesseract 3.04.00' />
  <meta name='ocr-capabilities' content='ocr_page ocr_carea ocr_par ocr_line ocrx_word'/>
</head>
<body>
  <div class='ocr_page' id='page_1' title='image "./naturalhistory03plinuoft/naturalhistory03plinuoft_0138.png"; bbox 0 0 1482 2312; ppageno 0'>
   <div class='ocr_carea' id='block_1_1' title="bbox 443 101 1216 141">
    <p class='ocr_par' dir='ltr' id='par_1_1' title="bbox 443 101 1216 141">
     <span class='ocr_line' id='line_1_1' title="bbox 443 101 1216 141; baseline -0.003 -1"><span class='ocrx_word' id='word_1_1' title='bbox 443 102 608 140; x_wconf 90' lang='lat' dir='ltr'>PLINY</span> <span class='ocrx_word' id='word_1_2' title='bbox 623 117 631 140; x_wconf 74' lang='grc' dir='ltr'>ε</span> <span class='ocrx_word' id='word_1_3' title='bbox 682 103 944 141; x_wconf 86' lang='lat' dir='ltr'>NATURAL</span> <span class='ocrx_word' id='word_1_4' title='bbox 980 101 1216 140; x_wconf 88' lang='lat' dir='ltr'>HISTORY</span> 
     </span>
    </p>
   </div>
   <div class='ocr_carea' id='block_1_2' title="bbox 249 201 1421 381">
    <p class='ocr_par' dir='ltr' id='par_1_2' title="bbox 249 201 1421 381">
     <span class='ocr_line' id='line_1_2' title="bbox 249 201 1419 254; baseline -0.002 -14"><span class='ocrx_word' id='word_1_5' title='bbox 249 216 384 252; x_wconf 84' lang='lat' dir='ltr'>saepe,</span> <span class='ocrx_word' id='word_1_6' title='bbox 410 216 545 240; x_wconf 88' lang='lat' dir='ltr'>verum</span> <span class='ocrx_word' id='word_1_7' title='bbox 573 203 738 254; x_wconf 89' lang='lat' dir='ltr'>prodigii</span> <span class='ocrx_word' id='word_1_8' title='bbox 764 203 849 240; x_wconf 87' lang='lat' dir='ltr'>loco</span> <span class='ocrx_word' id='word_1_9' title='bbox 875 203 1068 240; x_wconf 84' lang='lat' dir='ltr'>habitum.</span> <span class='ocrx_word' id='word_1_10' title='bbox 1123 201 1419 251; x_wconf 77' lang='lat' dir='ltr'>Theophrastus</span> 
     </span>
     <span class='ocr_line' id='line_1_3' title="bbox 251 264 1421 317; baseline -0.002 -14"><span class='ocrx_word' id='word_1_11' title='bbox 251 267 368 317; x_wconf 89' lang='lat' dir='ltr'>vulgo</span> <span class='ocrx_word' id='word_1_12' title='bbox 385 280 525 317; x_wconf 87' lang='lat' dir='ltr'>parere</span> <span class='ocrx_word' id='word_1_13' title='bbox 542 270 582 304; x_wconf 89' lang='lat' dir='ltr'>in</span> <span class='ocrx_word' id='word_1_14' title='bbox 600 267 852 317; x_wconf 80' lang='lat' dir='ltr'>Cappadocia</span> <span class='ocrx_word' id='word_1_15' title='bbox 869 267 1007 310; x_wconf 88' lang='lat' dir='ltr'>tradit,</span> <span class='ocrx_word' id='word_1_16' title='bbox 1025 266 1096 303; x_wconf 88' lang='lat' dir='ltr'>sed</span> <span class='ocrx_word' id='word_1_17' title='bbox 1114 279 1199 303; x_wconf 88' lang='lat' dir='ltr'>esse</span> <span class='ocrx_word' id='word_1_18' title='bbox 1216 265 1257 303; x_wconf 91' lang='lat' dir='ltr'>id</span> <span class='ocrx_word' id='word_1_19' title='bbox 1274 264 1421 302; x_wconf 88' lang='lat' dir='ltr'>animal</span> 
     </span>
     <span class='ocr_line' id='line_1_4' title="bbox 251 329 1419 381; baseline -0.003 -14"><span class='ocrx_word' id='word_1_20' title='bbox 251 331 302 367; x_wconf 90' lang='lat' dir='ltr'>ibi</span> <span class='ocrx_word' id='word_1_21' title='bbox 343 334 399 368; x_wconf 92' lang='lat' dir='ltr'>sui</span> <span class='ocrx_word' id='word_1_22' title='bbox 444 334 614 381; x_wconf 84' lang='lat' dir='ltr'>generis.</span> <span class='ocrx_word' id='word_1_23' title='bbox 668 331 800 368; x_wconf 87' lang='lat' dir='ltr'>mulae</span> <span class='ocrx_word' id='word_1_24' title='bbox 837 331 1065 367; x_wconf 73' lang='lat' dir='ltr'>calcitratus</span> <span class='ocrx_word' id='word_1_25' title='bbox 1103 329 1306 366; x_wconf 81' lang='lat' dir='ltr'>inhibetur</span> <span class='ocrx_word' id='word_1_26' title='bbox 1341 331 1419 365; x_wconf 90' lang='lat' dir='ltr'>vini</span> 
     </span>
    </p>
   </div>
   <div class='ocr_carea' id='block_1_3' title="bbox 167 394 1420 445">
    <p class='ocr_par' dir='ltr' id='par_1_3' title="bbox 167 394 1420 445">
     <span class='ocr_line' id='line_1_5' title="bbox 167 394 1420 445; baseline -0.001 -15"><span class='ocrx_word' id='word_1_27' title='bbox 167 400 229 430; x_wconf 80' lang='lat'>174</span> <span class='ocrx_word' id='word_1_28' title='bbox 247 395 443 432; x_wconf 85' lang='lat' dir='ltr'>crebriore</span> <span class='ocrx_word' id='word_1_29' title='bbox 472 401 581 445; x_wconf 89' lang='lat' dir='ltr'>potu.</span> <span class='ocrx_word' id='word_1_30' title='bbox 638 398 678 432; x_wconf 92' lang='lat' dir='ltr'>in</span> <span class='ocrx_word' id='word_1_31' title='bbox 708 395 879 444; x_wconf 90' lang='lat' dir='ltr'>plurium</span> <span class='ocrx_word' id='word_1_32' title='bbox 920 394 1163 431; x_wconf 85' lang='lat' dir='ltr'>Graecorum</span> <span class='ocrx_word' id='word_1_33' title='bbox 1193 398 1254 430; x_wconf 86' lang='lat' dir='ltr'>est</span> <span class='ocrx_word' id='word_1_34' title='bbox 1283 405 1420 430; x_wconf 92' lang='lat' dir='ltr'>monu-</span> 
     </span>
    </p>
   </div>
   <div class='ocr_carea' id='block_1_4' title="bbox 170 977 229 1006">
    <p class='ocr_par' dir='ltr' id='par_1_4' title="bbox 170 977 229 1006">
     <span class='ocr_line' id='line_1_6' title="bbox 170 977 229 1006; baseline 0 0"><span class='ocrx_word' id='word_1_35' title='bbox 170 977 229 1006; x_wconf 84' lang='lat'>175</span> 
     </span>
    </p>
   </div>
   <div class='ocr_carea' id='block_1_5' title="bbox 170 1362 229 1391">
    <p class='ocr_par' dir='ltr' id='par_1_5' title="bbox 170 1362 229 1391">
     <span class='ocr_line' id='line_1_7' title="bbox 170 1362 229 1391; baseline 0 0"><span class='ocrx_word' id='word_1_36' title='bbox 170 1362 229 1391; x_wconf 83' lang='lat'>176</span> 
     </span>
    </p>
   </div>
   <div class='ocr_carea' id='block_1_6' title="bbox 249 458 1423 1857">
    <p class='ocr_par' dir='ltr' id='par_1_6' title="bbox 249 458 1423 1330">
     <span class='ocr_line' id='line_1_8' title="bbox 251 458 1421 509; baseline -0.003 -13"><span class='ocrx_word' id='word_1_37' title='bbox 251 462 396 496; x_wconf 88' lang='lat' dir='ltr'>mentis</span> <span class='ocrx_word' id='word_1_38' title='bbox 418 473 508 496; x_wconf 90' lang='lat' dir='ltr'>cum</span> <span class='ocrx_word' id='word_1_39' title='bbox 532 473 634 509; x_wconf 89' lang='lat' dir='ltr'>equa</span> <span class='ocrx_word' id='word_1_40' title='bbox 656 459 752 496; x_wconf 89' lang='lat' dir='ltr'>muli</span> <span class='ocrx_word' id='word_1_41' title='bbox 773 462 880 495; x_wconf 89' lang='lat' dir='ltr'>coitu</span> <span class='ocrx_word' id='word_1_42' title='bbox 903 464 1044 494; x_wconf 83' lang='lat' dir='ltr'>natum</span> <span class='ocrx_word' id='word_1_43' title='bbox 1066 458 1172 508; x_wconf 92' lang='lat' dir='ltr'>quod</span> <span class='ocrx_word' id='word_1_44' title='bbox 1194 459 1421 494; x_wconf 90' lang='lat' dir='ltr'>vocaverint</span> 
     </span>
     <span class='ocr_line' id='line_1_9' title="bbox 251 522 1420 572; baseline -0.002 -14"><span class='ocrx_word' id='word_1_45' title='bbox 251 525 430 572; x_wconf 86' lang='lat' dir='ltr'>ginnum,</span> <span class='ocrx_word' id='word_1_46' title='bbox 474 523 513 560; x_wconf 93' lang='lat' dir='ltr'>id</span> <span class='ocrx_word' id='word_1_47' title='bbox 557 529 616 560; x_wconf 90' lang='lat' dir='ltr'>est</span> <span class='ocrx_word' id='word_1_48' title='bbox 659 536 824 572; x_wconf 85' lang='lat' dir='ltr'>parvum</span> <span class='ocrx_word' id='word_1_49' title='bbox 867 522 1030 560; x_wconf 87' lang='lat' dir='ltr'>mulum.</span> <span class='ocrx_word' id='word_1_50' title='bbox 1085 527 1329 572; x_wconf 83' lang='lat' dir='ltr'>generantur</span> <span class='ocrx_word' id='word_1_51' title='bbox 1371 534 1420 557; x_wconf 87' lang='lat' dir='ltr'>ex</span> 
     </span>
     <span class='ocr_line' id='line_1_10' title="bbox 252 586 1422 637; baseline -0.003 -14"><span class='ocrx_word' id='word_1_52' title='bbox 252 600 355 636; x_wconf 89' lang='lat' dir='ltr'>equa</span> <span class='ocrx_word' id='word_1_53' title='bbox 374 593 415 624; x_wconf 89' lang='lat' dir='ltr'>et</span> <span class='ocrx_word' id='word_1_54' title='bbox 433 590 590 637; x_wconf 81' lang='lat' dir='ltr'>onagris</span> <span class='ocrx_word' id='word_1_55' title='bbox 609 586 892 624; x_wconf 78' lang='lat' dir='ltr'>mansuefactis</span> <span class='ocrx_word' id='word_1_56' title='bbox 911 586 1043 623; x_wconf 89' lang='lat' dir='ltr'>mulae</span> <span class='ocrx_word' id='word_1_57' title='bbox 1062 586 1217 623; x_wconf 84' lang='lat' dir='ltr'>veloces</span> <span class='ocrx_word' id='word_1_58' title='bbox 1235 588 1276 621; x_wconf 90' lang='lat' dir='ltr'>in</span> <span class='ocrx_word' id='word_1_59' title='bbox 1293 598 1422 628; x_wconf 90' lang='lat' dir='ltr'>cursu,</span> 
     </span>
     <span class='ocr_line' id='line_1_11' title="bbox 252 651 1422 701; baseline -0.001 -15"><span class='ocrx_word' id='word_1_60' title='bbox 252 651 398 687; x_wconf 87' lang='lat' dir='ltr'>duritia</span> <span class='ocrx_word' id='word_1_61' title='bbox 446 654 590 688; x_wconf 86' lang='lat' dir='ltr'>eximia</span> <span class='ocrx_word' id='word_1_62' title='bbox 638 651 800 701; x_wconf 87' lang='lat' dir='ltr'>pedum,</span> <span class='ocrx_word' id='word_1_63' title='bbox 847 664 982 687; x_wconf 84' lang='lat' dir='ltr'>verum</span> <span class='ocrx_word' id='word_1_64' title='bbox 1030 653 1199 700; x_wconf 77' lang='lat' dir='ltr'>strigoso</span> <span class='ocrx_word' id='word_1_65' title='bbox 1244 662 1422 698; x_wconf 88' lang='lat' dir='ltr'>corpore,</span> 
     </span>
     <span class='ocr_line' id='line_1_12' title="bbox 252 715 1422 765; baseline -0.001 -15"><span class='ocrx_word' id='word_1_66' title='bbox 252 715 444 752; x_wconf 88' lang='lat' dir='ltr'>indomito</span> <span class='ocrx_word' id='word_1_67' title='bbox 483 718 626 752; x_wconf 90' lang='lat' dir='ltr'>animo.</span> <span class='ocrx_word' id='word_1_68' title='bbox 681 715 752 752; x_wconf 89' lang='lat' dir='ltr'>sed</span> <span class='ocrx_word' id='word_1_69' title='bbox 790 720 1005 765; x_wconf 82' lang='lat' dir='ltr'>generator</span> <span class='ocrx_word' id='word_1_70' title='bbox 1043 727 1192 764; x_wconf 83' lang='lat' dir='ltr'>onagro</span> <span class='ocrx_word' id='word_1_71' title='bbox 1232 719 1273 751; x_wconf 90' lang='lat' dir='ltr'>et</span> <span class='ocrx_word' id='word_1_72' title='bbox 1312 715 1422 750; x_wconf 91' lang='lat' dir='ltr'>asina</span> 
     </span>
     <span class='ocr_line' id='line_1_13' title="bbox 251 777 1422 829; baseline -0.002 -14"><span class='ocrx_word' id='word_1_73' title='bbox 251 782 410 829; x_wconf 85' lang='lat' dir='ltr'>genitus</span> <span class='ocrx_word' id='word_1_74' title='bbox 452 793 588 817; x_wconf 89' lang='lat' dir='ltr'>omnes</span> <span class='ocrx_word' id='word_1_75' title='bbox 630 779 849 816; x_wconf 88' lang='lat' dir='ltr'>antecellit.</span> <span class='ocrx_word' id='word_1_76' title='bbox 904 781 1041 828; x_wconf 80' lang='lat' dir='ltr'>onagri</span> <span class='ocrx_word' id='word_1_77' title='bbox 1083 781 1123 814; x_wconf 93' lang='lat' dir='ltr'>in</span> <span class='ocrx_word' id='word_1_78' title='bbox 1165 777 1339 828; x_wconf 89' lang='lat' dir='ltr'>Phrygia</span> <span class='ocrx_word' id='word_1_79' title='bbox 1380 782 1422 814; x_wconf 92' lang='lat' dir='ltr'>et</span> 
     </span>
     <span class='ocr_line' id='line_1_14' title="bbox 253 841 1422 893; baseline -0.002 -14"><span class='ocrx_word' id='word_1_80' title='bbox 253 843 453 893; x_wconf 85' lang='lat' dir='ltr'>Lycaonia</span> <span class='ocrx_word' id='word_1_81' title='bbox 471 846 686 893; x_wconf 84' lang='lat' dir='ltr'>praecipui.</span> <span class='ocrx_word' id='word_1_82' title='bbox 741 843 857 893; x_wconf 88' lang='lat' dir='ltr'>pullis</span> <span class='ocrx_word' id='word_1_83' title='bbox 877 856 1013 880; x_wconf 91' lang='lat' dir='ltr'>eorum</span> <span class='ocrx_word' id='word_1_84' title='bbox 1033 856 1106 880; x_wconf 90' lang='lat' dir='ltr'>ceu</span> <span class='ocrx_word' id='word_1_85' title='bbox 1125 841 1422 892; x_wconf 73' lang='lat' dir='ltr'>praestantibus</span> 
     </span>
     <span class='ocr_line' id='line_1_15' title="bbox 250 905 1421 958; baseline -0.002 -15"><span class='ocrx_word' id='word_1_86' title='bbox 250 920 389 956; x_wconf 89' lang='lat' dir='ltr'>sapore</span> <span class='ocrx_word' id='word_1_87' title='bbox 432 907 567 944; x_wconf 87' lang='lat' dir='ltr'>Africa</span> <span class='ocrx_word' id='word_1_88' title='bbox 606 908 813 958; x_wconf 90' lang='lat' dir='ltr'>gloriatur,</span> <span class='ocrx_word' id='word_1_89' title='bbox 854 921 952 957; x_wconf 91' lang='lat' dir='ltr'>quos</span> <span class='ocrx_word' id='word_1_90' title='bbox 991 906 1189 944; x_wconf 87' lang='lat' dir='ltr'>lalisiones</span> <span class='ocrx_word' id='word_1_91' title='bbox 1230 905 1421 955; x_wconf 86' lang='lat' dir='ltr'>appellat.</span> 
     </span>
     <span class='ocr_line' id='line_1_16' title="bbox 249 971 1423 1009; baseline -0.003 -1"><span class='ocrx_word' id='word_1_92' title='bbox 249 971 399 1008; x_wconf 90' lang='lat' dir='ltr'>mulum</span> <span class='ocrx_word' id='word_1_93' title='bbox 448 985 543 1009; x_wconf 79' lang='lat' dir='ltr'>Lxxx</span> <span class='ocrx_word' id='word_1_94' title='bbox 599 974 710 1009; x_wconf 90' lang='lat' dir='ltr'>annis</span> <span class='ocrx_word' id='word_1_95' title='bbox 760 974 901 1009; x_wconf 84' lang='lat' dir='ltr'>vixisse</span> <span class='ocrx_word' id='word_1_96' title='bbox 947 971 1254 1008; x_wconf 86' lang='lat' dir='ltr'>Atheniensium</span> <span class='ocrx_word' id='word_1_97' title='bbox 1301 972 1423 1006; x_wconf 90' lang='lat' dir='ltr'>moni-</span> 
     </span>
     <span class='ocr_line' id='line_1_17' title="bbox 252 1034 1422 1086; baseline -0.003 -14"><span class='ocrx_word' id='word_1_98' title='bbox 252 1039 396 1073; x_wconf 84' lang='lat' dir='ltr'>mentis</span> <span class='ocrx_word' id='word_1_99' title='bbox 428 1042 618 1086; x_wconf 83' lang='lat' dir='ltr'>apparet3</span> <span class='ocrx_word' id='word_1_100' title='bbox 662 1039 787 1086; x_wconf 86' lang='lat' dir='ltr'>gavisi</span> <span class='ocrx_word' id='word_1_101' title='bbox 818 1049 1006 1086; x_wconf 87' lang='lat' dir='ltr'>namque,</span> <span class='ocrx_word' id='word_1_102' title='bbox 1036 1049 1126 1072; x_wconf 91' lang='lat' dir='ltr'>cum</span> <span class='ocrx_word' id='word_1_103' title='bbox 1156 1034 1352 1084; x_wconf 85' lang='lat' dir='ltr'>templum</span> <span class='ocrx_word' id='word_1_104' title='bbox 1383 1036 1422 1070; x_wconf 89' lang='lat' dir='ltr'>in</span> 
     </span>
     <span class='ocr_line' id='line_1_18' title="bbox 251 1098 1423 1150; baseline -0.001 -15"><span class='ocrx_word' id='word_1_105' title='bbox 251 1113 341 1137; x_wconf 88' lang='lat' dir='ltr'>arce</span> <span class='ocrx_word' id='word_1_106' title='bbox 375 1099 569 1145; x_wconf 84' lang='lat' dir='ltr'>facerent,</span> <span class='ocrx_word' id='word_1_107' title='bbox 605 1100 710 1150; x_wconf 90' lang='lat' dir='ltr'>quod</span> <span class='ocrx_word' id='word_1_108' title='bbox 744 1100 958 1137; x_wconf 88' lang='lat' dir='ltr'>derelictus</span> <span class='ocrx_word' id='word_1_109' title='bbox 993 1105 1156 1137; x_wconf 86' lang='lat' dir='ltr'>senecta</span> <span class='ocrx_word' id='word_1_110' title='bbox 1189 1098 1423 1137; x_wconf 85' lang='lat' dir='ltr'>scandentia</span> 
     </span>
     <span class='ocr_line' id='line_1_19' title="bbox 252 1163 1420 1214; baseline -0.002 -14"><span class='ocrx_word' id='word_1_111' title='bbox 252 1166 431 1201; x_wconf 84' lang='lat' dir='ltr'>iumenta</span> <span class='ocrx_word' id='word_1_112' title='bbox 463 1168 657 1201; x_wconf 86' lang='lat' dir='ltr'>comitatu</span> <span class='ocrx_word' id='word_1_113' title='bbox 689 1167 857 1214; x_wconf 90' lang='lat' dir='ltr'>nisuque</span> <span class='ocrx_word' id='word_1_114' title='bbox 890 1163 1183 1208; x_wconf 86' lang='lat' dir='ltr'>exhortaretur,</span> <span class='ocrx_word' id='word_1_115' title='bbox 1215 1163 1420 1200; x_wconf 89' lang='lat' dir='ltr'>decretum</span> 
     </span>
     <span class='ocr_line' id='line_1_20' title="bbox 251 1226 1421 1279; baseline -0.002 -14"><span class='ocrx_word' id='word_1_116' title='bbox 251 1227 382 1265; x_wconf 86' lang='lat' dir='ltr'>fecere</span> <span class='ocrx_word' id='word_1_117' title='bbox 417 1242 466 1265; x_wconf 89' lang='lat' dir='ltr'>ne</span> <span class='ocrx_word' id='word_1_118' title='bbox 501 1229 750 1266; x_wconf 87' lang='lat' dir='ltr'>frumentarii</span> <span class='ocrx_word' id='word_1_119' title='bbox 785 1231 1056 1279; x_wconf 86' lang='lat' dir='ltr'>negotiatores</span> <span class='ocrx_word' id='word_1_120' title='bbox 1090 1228 1140 1264; x_wconf 90' lang='lat' dir='ltr'>ab</span> <span class='ocrx_word' id='word_1_121' title='bbox 1174 1226 1421 1264; x_wconf 89' lang='lat' dir='ltr'>incerniculis</span> 
     </span>
     <span class='ocr_line' id='line_1_21' title="bbox 253 1299 556 1330; baseline 0.007 -2"><span class='ocrx_word' id='word_1_122' title='bbox 253 1305 343 1329; x_wconf 90' lang='lat' dir='ltr'>eum</span> <span class='ocrx_word' id='word_1_123' title='bbox 363 1299 556 1330; x_wconf 84' lang='lat' dir='ltr'>arcerent.</span> 
     </span>
    </p>

    <p class='ocr_par' dir='ltr' id='par_1_7' title="bbox 251 1355 1422 1857">
     <span class='ocr_line' id='line_1_22' title="bbox 302 1355 1422 1399; baseline -0.002 -6"><span class='ocrx_word' id='word_1_124' title='bbox 302 1356 424 1393; x_wconf 80' lang='lat' dir='ltr'>LXX.</span> <span class='ocrx_word' id='word_1_125' title='bbox 454 1357 587 1394; x_wconf 90' lang='lat' dir='ltr'>Bubus</span> <span class='ocrx_word' id='word_1_126' title='bbox 612 1357 755 1395; x_wconf 88' lang='lat' dir='ltr'>Indicis</span> <span class='ocrx_word' id='word_1_127' title='bbox 777 1357 1020 1394; x_wconf 84' lang='lat' dir='ltr'>camelorum</span> <span class='ocrx_word' id='word_1_128' title='bbox 1043 1356 1214 1394; x_wconf 89' lang='lat' dir='ltr'>altitudo</span> <span class='ocrx_word' id='word_1_129' title='bbox 1235 1355 1422 1399; x_wconf 87' lang='lat' dir='ltr'>traditur,</span> 
     </span>
     <span class='ocr_line' id='line_1_23' title="bbox 251 1420 1421 1471; baseline -0.001 -14"><span class='ocrx_word' id='word_1_130' title='bbox 251 1434 399 1457; x_wconf 87' lang='lat' dir='ltr'>cornua</span> <span class='ocrx_word' id='word_1_131' title='bbox 446 1424 484 1457; x_wconf 89' lang='lat' dir='ltr'>in</span> <span class='ocrx_word' id='word_1_132' title='bbox 532 1421 788 1459; x_wconf 84' lang='lat' dir='ltr'>latitudinem</span> <span class='ocrx_word' id='word_1_133' title='bbox 836 1427 1120 1471; x_wconf 88' lang='lat' dir='ltr'>quaternorum</span> <span class='ocrx_word' id='word_1_134' title='bbox 1167 1420 1326 1471; x_wconf 88' lang='lat' dir='ltr'>pedum.</span> <span class='ocrx_word' id='word_1_135' title='bbox 1382 1422 1421 1456; x_wconf 91' lang='lat' dir='ltr'>in</span> 
     </span>
     <span class='ocr_line' id='line_1_24' title="bbox 253 1483 1421 1536; baseline -0.002 -14"><span class='ocrx_word' id='word_1_136' title='bbox 253 1491 386 1522; x_wconf 86' lang='lat' dir='ltr'>nostro</span> <span class='ocrx_word' id='word_1_137' title='bbox 422 1486 517 1522; x_wconf 87' lang='lat' dir='ltr'>orbe</span> <span class='ocrx_word' id='word_1_138' title='bbox 553 1486 763 1535; x_wconf 86' lang='lat' dir='ltr'>Epiroticis</span> <span class='ocrx_word' id='word_1_139' title='bbox 799 1486 883 1522; x_wconf 88' lang='lat' dir='ltr'>laus</span> <span class='ocrx_word' id='word_1_140' title='bbox 919 1488 1093 1523; x_wconf 82' lang='lat' dir='ltr'>maxima</span> <span class='ocrx_word' id='word_1_141' title='bbox 1128 1498 1152 1521; x_wconf 87' lang='lat' dir='ltr'>a</span> <span class='ocrx_word' id='word_1_142' title='bbox 1187 1483 1341 1536; x_wconf 87' lang='lat' dir='ltr'>Pyrrhi,</span> <span class='ocrx_word' id='word_1_143' title='bbox 1376 1489 1421 1521; x_wconf 89' lang='lat' dir='ltr'>ut</span> 
     </span>
     <span class='ocr_line' id='line_1_25' title="bbox 253 1548 1421 1601; baseline -0.001 -16"><span class='ocrx_word' id='word_1_144' title='bbox 253 1548 400 1594; x_wconf 90' lang='lat' dir='ltr'>ferunt,</span> <span class='ocrx_word' id='word_1_145' title='bbox 424 1553 503 1586; x_wconf 90' lang='lat' dir='ltr'>iam</span> <span class='ocrx_word' id='word_1_146' title='bbox 529 1550 620 1587; x_wconf 89' lang='lat' dir='ltr'>inde</span> <span class='ocrx_word' id='word_1_147' title='bbox 646 1553 748 1601; x_wconf 87' lang='lat' dir='ltr'>regis</span> <span class='ocrx_word' id='word_1_148' title='bbox 773 1563 879 1587; x_wconf 87' lang='lat' dir='ltr'>cura.</span> <span class='ocrx_word' id='word_1_149' title='bbox 934 1550 974 1587; x_wconf 92' lang='lat' dir='ltr'>id</span> <span class='ocrx_word' id='word_1_150' title='bbox 997 1554 1232 1587; x_wconf 86' lang='lat' dir='ltr'>consecutus</span> <span class='ocrx_word' id='word_1_151' title='bbox 1257 1554 1317 1586; x_wconf 85' lang='lat' dir='ltr'>est</span> <span class='ocrx_word' id='word_1_152' title='bbox 1342 1561 1421 1585; x_wconf 94' lang='lat' dir='ltr'>non</span> 
     </span>
     <span class='ocr_line' id='line_1_26' title="bbox 252 1613 1421 1664; baseline 0 -15"><span class='ocrx_word' id='word_1_153' title='bbox 252 1619 346 1650; x_wconf 87' lang='lat' dir='ltr'>ante</span> <span class='ocrx_word' id='word_1_154' title='bbox 369 1614 664 1663; x_wconf 87' lang='lat' dir='ltr'>quadrimatum</span> <span class='ocrx_word' id='word_1_155' title='bbox 687 1615 738 1651; x_wconf 90' lang='lat' dir='ltr'>ad</span> <span class='ocrx_word' id='word_1_156' title='bbox 758 1620 896 1664; x_wconf 88' lang='lat' dir='ltr'>partus</span> <span class='ocrx_word' id='word_1_157' title='bbox 920 1614 1117 1658; x_wconf 80' lang='lat' dir='ltr'>vocand03</span> <span class='ocrx_word' id='word_1_158' title='bbox 1152 1613 1421 1664; x_wconf 85' lang='lat' dir='ltr'>praegrandes</span> 
     </span>
     <span class='ocr_line' id='line_1_27' title="bbox 253 1677 1419 1729; baseline 0.002 -15"><span class='ocrx_word' id='word_1_159' title='bbox 253 1681 388 1728; x_wconf 90' lang='lat' dir='ltr'>itaque</span> <span class='ocrx_word' id='word_1_160' title='bbox 414 1678 525 1715; x_wconf 90' lang='lat' dir='ltr'>fuere</span> <span class='ocrx_word' id='word_1_161' title='bbox 550 1685 592 1715; x_wconf 89' lang='lat' dir='ltr'>et</span> <span class='ocrx_word' id='word_1_162' title='bbox 616 1677 814 1729; x_wconf 89' lang='lat' dir='ltr'>hodieque</span> <span class='ocrx_word' id='word_1_163' title='bbox 839 1678 1030 1728; x_wconf 87' lang='lat' dir='ltr'>reliquiae</span> <span class='ocrx_word' id='word_1_164' title='bbox 1054 1681 1237 1727; x_wconf 91' lang='lat' dir='ltr'>stirpium</span> <span class='ocrx_word' id='word_1_165' title='bbox 1261 1677 1419 1716; x_wconf 88' lang='lat' dir='ltr'>durant.</span> 
     </span>
     <span class='ocr_line' id='line_1_28' title="bbox 253 1741 1420 1792; baseline 0 -15"><span class='ocrx_word' id='word_1_166' title='bbox 253 1748 295 1779; x_wconf 86' lang='lat' dir='ltr'>at</span> <span class='ocrx_word' id='word_1_167' title='bbox 307 1755 410 1779; x_wconf 90' lang='lat' dir='ltr'>nunc</span> <span class='ocrx_word' id='word_1_168' title='bbox 422 1742 630 1779; x_wconf 85' lang='lat' dir='ltr'>anniculae</span> <span class='ocrx_word' id='word_1_169' title='bbox 642 1742 932 1780; x_wconf 85' lang='lat' dir='ltr'>fecunditatem</span> <span class='ocrx_word' id='word_1_170' title='bbox 944 1748 1173 1792; x_wconf 88' lang='lat' dir='ltr'>poscuntur,</span> <span class='ocrx_word' id='word_1_171' title='bbox 1184 1741 1420 1779; x_wconf 89' lang='lat' dir='ltr'>tolerantius</span> 
     </span>
     <span class='ocr_line' id='line_1_29' title="bbox 251 1804 1421 1857; baseline 0 -15"><span class='ocrx_word' id='word_1_172' title='bbox 251 1811 388 1843; x_wconf 87' lang='lat' dir='ltr'>tamen</span> <span class='ocrx_word' id='word_1_173' title='bbox 405 1807 550 1850; x_wconf 85' lang='lat' dir='ltr'>bimae,</span> <span class='ocrx_word' id='word_1_174' title='bbox 565 1809 669 1843; x_wconf 86' lang='lat' dir='ltr'>tauri</span> <span class='ocrx_word' id='word_1_175' title='bbox 686 1809 988 1856; x_wconf 85' lang='lat' dir='ltr'>generationem</span> <span class='ocrx_word' id='word_1_176' title='bbox 1005 1806 1212 1857; x_wconf 90' lang='lat' dir='ltr'>quadrimi.</span> <span class='ocrx_word' id='word_1_177' title='bbox 1266 1804 1421 1855; x_wconf 89' lang='lat' dir='ltr'>inplent</span> 
     </span>
    </p>
   </div>
   <div class='ocr_carea' id='block_1_7' title="bbox 654 1943 1014 1976">
    <p class='ocr_par' dir='ltr' id='par_1_8' title="bbox 654 1943 1014 1976">
     <span class='ocr_line' id='line_1_30' title="bbox 654 1943 1014 1976; baseline -0.003 0"><span class='ocrx_word' id='word_1_178' title='bbox 654 1949 668 1963; x_wconf 79' lang='lat'>‘²</span> <span class='ocrx_word' id='word_1_179' title='bbox 689 1945 761 1976; x_wconf 87' lang='lat' dir='ltr'>The</span> <span class='ocrx_word' id='word_1_180' title='bbox 777 1943 871 1975; x_wconf 82' lang='lat' dir='ltr'>Arni-</span> <span class='ocrx_word' id='word_1_181' title='bbox 878 1944 1014 1975; x_wconf 82' lang='lat' dir='ltr'>buffalo.</span> 
     </span>
    </p>
   </div>
  </div>
 </body>
</html>
