1482 2312
420 106 606 145 PLINY:
658 106 919 144 NATURAL
955 104 1189 142 HISTORY

226 207 415 258 adspersu
437 208 644 245 resolvitur
665 207 760 257 pila,
782 206 1132 256 adprehensusque
1154 218 1224 255 pes
1246 204 1349 242 alter
1369 217 1391 241 e

226 277 508 326 posterioribus
543 276 799 326 suspendiosa
833 275 940 313 fame
975 281 1115 312 necat:
1164 274 1281 311 aliter
1315 286 1392 310 non

146 352 206 382 135
227 352 287 383 est
309 346 487 382 occidere
511 352 552 382 et
573 348 722 396 tergori
744 358 919 395 parcere.
974 348 1104 394 ipsum
1133 343 1280 380 animal
1301 355 1393 386 non,

146 835 206 865 136

148 1526 207 1556 137

227 421 272 452 ut
292 428 424 451 remur
444 414 636 464 plerique,
658 417 763 451 vitae
784 414 987 451 hominum
1009 426 1297 462 supervacuum
1319 417 1393 456 est,

227 486 258 521 si
285 497 361 520 non
389 486 466 520 sint
483 484 497 506 1
523 484 579 520 illi
605 483 746 528 aculei,
772 483 919 520 frustra
944 482 1136 519 vellerum
1162 481 1330 519 mollitia
1354 483 1394 517 in

227 553 379 602 pecude
394 553 626 590 mortalibus
641 553 736 589 data
750 565 758 589 τ
787 551 861 589 hac
875 558 966 589 cute
983 551 1237 601 expoliuntur
1250 556 1393 587 vestes.

227 635 416 671 magnum
443 622 549 658 fraus
577 628 618 659 et
644 622 697 658 ibi
724 621 874 658 lucrum
901 621 1127 670 monopolio
1152 622 1318 664 invenit,
1344 619 1394 656 de

228 691 335 727 nulla
355 704 396 727 re
416 691 676 728 crebrioribus
700 697 862 727 senatus
884 690 1072 727 consultis
1101 689 1289 739 nulloque
1317 701 1394 725 non

227 763 402 809 principe
431 760 539 796 adito
568 763 820 810 querimoniis
848 759 1163 809 provincialibus.

279 829 347 865 LV
351 830 403 866 II.
434 829 583 866 Urinae
623 835 664 866 et
704 829 856 866 duobus
895 829 980 866 aliis
1019 828 1255 865 animalibus
1294 829 1396 865 ratio

228 901 338 935 mira.
392 898 688 948 leontophonon
719 901 931 948 accipimus
960 901 1089 935 vocari
1122 911 1284 947 parvom
1323 909 1396 933 nec

228 968 347 1004 aliubi
378 981 542 1004 nascens
572 981 691 1017 quam
720 968 786 1004 ubi
816 967 878 1004 leo
906 970 1097 1018 gignitur,
1127 980 1204 1017 quo
1233 971 1396 1017 gustato

227 1042 343 1073 tanta
373 1037 442 1073 illa
474 1040 529 1074 vis
563 1037 636 1074 et2
667 1040 810 1074 ceteris
844 1037 1132 1087 quadripedum
1165 1038 1396 1086 imperitans

230 1106 318 1142 ilico
346 1109 512 1155 expiret.
569 1120 662 1156 ergo
689 1119 828 1156 corpus
857 1109 939 1143 eius
968 1112 1153 1143 exustum
1180 1110 1397 1155 aspergunt

229 1175 314 1211 aliis
361 1176 544 1212 carnibus
592 1175 779 1224 polentae
828 1175 945 1212 modo
994 1175 1225 1212 insidiantes
1273 1174 1397 1218 ferae,

230 1250 455 1294 necantque
485 1248 607 1281 etiam
636 1248 789 1281 cinere:
832 1251 917 1281 tam
945 1247 1143 1281 contraria
1171 1249 1232 1281 est
1260 1246 1395 1293 pestis.

231 1312 329 1350 haut
361 1316 545 1350 inmerito
577 1317 698 1364 igitur
728 1314 812 1351 odit
844 1314 905 1351 leo
937 1317 1143 1363 visumque
1174 1313 1324 1363 frangit
1355 1318 1397 1349 et

228 1385 326 1418 citra
350 1396 521 1419 morsum
546 1385 772 1427 exanimat3
807 1383 874 1420 ille
896 1389 1033 1419 contra
1057 1385 1210 1419 urinam
1233 1384 1398 1432 spargit,

230 1452 401 1500 prudens
422 1452 522 1489 hanc
544 1466 701 1503 quoque
721 1453 824 1489 leoni
847 1452 1062 1490 exitialem.

280 1521 458 1571 Lyncum
472 1535 584 1559 umor
596 1525 653 1559 ita
665 1522 843 1559 redditus
856 1522 871 1545 3
890 1522 955 1559 ubi
973 1525 1192 1572 gignuntur
1203 1521 1398 1572 glaciatur

230 1593 421 1627 arescitve
454 1594 493 1627 in
526 1605 704 1642 gemmas
736 1591 984 1628 carbunculis
1022 1591 1167 1628 similes
1206 1597 1247 1628 et
1280 1594 1397 1641 igneo

228 1659 357 1696 colore
397 1660 610 1710 fulgentes,
649 1660 869 1711 lyncurium
910 1667 1068 1698 vocatas
1107 1666 1230 1711 atque
1269 1661 1319 1697 ob
1358 1660 1397 1697 id

229 1732 362 1766 sucino
386 1743 408 1765 a
431 1730 628 1780 plerisque
654 1734 712 1767 ita
736 1734 918 1781 generari
935 1730 1103 1780 prodito.
1158 1743 1302 1767 novere
1324 1729 1397 1767 hoc

330 1816 340 1834 ¹
364 1819 500 1848 essent?
517 1817 693 1848 Rackham.
844 1817 856 1836 ²
881 1816 1037 1857 Mayhoff
1050 1816 1103 1857 (cs.
1123 1817 1138 1855 ξ
1154 1818 1231 1856 48):
1258 1819 1308 1848 ut.

475 1859 487 1878 ³
513 1860 667 1900 Lyncum
685 1860 783 1891 urina
798 1860 957 1891 reddita?
976 1859 1138 1900 Mayhoff.

705 1967 720 1981 ⁶
742 1962 925 1994 Fabulous.
