1482 2312
438 138 626 176 PLINY:
677 138 941 175 NATURAL
977 137 1213 176 HISTORY

176 249 216 280 25
294 243 364 279 XI.
394 242 549 292 Coccyx
568 241 726 278 videtur
744 254 793 278 ex
812 244 999 290 accipitre
1019 241 1101 278 fieri
1119 247 1300 291 tempore
1319 244 1412 278 anni

244 306 409 354 figuram
432 309 605 347 mutans,
628 305 814 353 quoniam
835 308 932 339 tunc
955 315 1032 339 non
1055 309 1249 352 apparent
1271 302 1410 353 reliqui

243 369 314 403 nisi
349 378 540 415 perquam
575 367 709 414 paucis
743 363 897 408 diebus,
938 367 1021 413 ipse
1062 377 1220 414 quoque
1259 364 1412 401 modico

242 434 424 477 tempore
456 429 619 463 aestatis
664 428 765 462 visus
803 438 881 462 non
918 428 1092 462 cernitur
1129 431 1281 475 postea.
1352 431 1412 463 est

244 495 378 526 autem
414 502 543 538 neque
577 487 739 524 aduncis
777 487 988 537 unguibus,
1026 486 1129 524 solus
1167 490 1413 536 accipitrum,

243 564 316 588 nec
334 553 464 599 capite
484 549 619 586 similis
636 549 711 586 illis
724 562 854 599 neque
868 548 944 585 alio
958 562 1077 598 quam
1089 548 1232 592 colore,
1244 547 1384 586 habitu
1396 548 1411 572 ¹

242 612 411 649 columbi
442 614 583 660 potius.
640 613 734 660 quin
762 615 803 647 et
830 610 1051 647 absumitur
1078 610 1128 646 ab
1155 612 1356 659 accipitre,
1381 613 1412 647 si

244 673 402 723 quando
417 686 495 709 una
511 685 745 722 apparuere.
760 671 841 709 sola
857 674 1032 708 omnium
1048 674 1128 707 avis
1144 684 1166 707 a
1181 684 1251 708 suo
1265 684 1413 721 genere

177 740 217 771 26
243 738 497 784 interempta.
554 739 685 770 mutat
705 739 840 770 autem
862 739 902 770 et
923 746 1071 769 vocem.
1109 732 1288 782 procedit
1307 746 1413 777 vere,

243 796 464 833 occultatur
485 795 687 832 caniculae
710 801 813 838 ortu,
836 797 941 831 inter
956 807 1058 844 quae
1072 794 1087 817 ²
1102 797 1206 844 parit
1221 796 1261 830 in
1276 794 1413 831 alienis

243 858 357 901 nidis,
384 861 556 894 maxime
582 857 842 906 palumbium,
869 859 1017 892 maiore
1044 868 1093 892 ex
1119 861 1234 904 parte
1260 855 1415 906 singula

243 933 330 963 ova,
359 919 464 969 quod
494 919 600 955 nulla
629 918 706 955 alia
738 921 832 961 avis‚
861 931 948 954 raro
976 917 1081 954 bina.
1141 930 1260 954 causa
1288 917 1414 966 pullos

244 981 459 1018 subiciendi
500 986 665 1030 putatur
703 979 808 1029 quod
846 982 944 1016 sciat
981 992 1023 1016 se
1061 981 1225 1015 invisam
1263 981 1414 1016 cunctis

244 1044 394 1087 avibus,
425 1056 517 1079 nam
535 1045 713 1079 minutae
731 1054 889 1091 quoque
909 1040 1126 1084 infestant3
1156 1043 1213 1077 ita
1232 1053 1310 1077 non
1330 1040 1414 1078 fore

242 1110 374 1142 tutam
391 1108 527 1155 generi
546 1118 614 1141 suo
632 1107 796 1152 stirpem
814 1105 1000 1152 opinatur
1016 1105 1053 1138 ni
1071 1101 1274 1145 fefellerit,
1291 1115 1413 1152 quare

244 1166 394 1203 nullum
442 1165 535 1203 facit
585 1165 734 1209 nidum,
783 1165 927 1214 alioqui
943 1164 958 1187 3
1005 1163 1207 1213 trepidum
1254 1164 1412 1201 animal.

177 1233 216 1265 27
245 1228 388 1266 educat
428 1241 521 1278 ergo
561 1227 763 1264 subditum
803 1226 1028 1263 adulterato
1067 1224 1151 1262 feta
1190 1225 1293 1262 nido.
1348 1225 1414 1263 ille

244 1290 380 1326 avidus
398 1303 447 1327 ex
464 1295 608 1326 natura
624 1291 814 1338 praeripit
831 1288 937 1324 cibos
954 1287 1114 1337 reliquis
1131 1286 1261 1336 pullis,
1277 1289 1414 1337 itaque

245 1358 284 1389 et
306 1351 454 1388 nitidus
476 1354 514 1387 in
537 1363 578 1387 se
600 1353 794 1387 nutricem
816 1351 1024 1386 convertit.
1069 1348 1138 1384 illa
1157 1348 1308 1398 gaudet
1331 1351 1414 1386 eius

243 1416 373 1462 specie
396 1416 640 1462 miraturque
663 1425 748 1449 sese
770 1414 896 1461 ipsam
919 1410 1025 1461 quod
1044 1410 1168 1447 talem
1190 1413 1414 1459 pepererit3

243 1488 331 1512 suos
364 1477 659 1524 comparatione
694 1477 776 1510 eius
809 1473 974 1510 damnat
1007 1478 1051 1509 ut
1084 1471 1243 1508 alienos.
1299 1471 1413 1508 absu-

243 1539 375 1586 mique
401 1539 523 1573 etiam
548 1549 589 1573 se
614 1538 865 1584 inspectante
890 1537 1054 1584 patitur,
1079 1533 1204 1570 donec
1227 1536 1412 1583 corripiat

473 1638 485 1656 1
507 1638 668 1678 Dellefsen
684 1650 690 1668 :
716 1647 755 1668 ac
772 1636 847 1667 visu
864 1640 920 1667 ant
936 1646 975 1666 ac
991 1635 1097 1666 victu.

472 1680 484 1698 ²
509 1679 664 1720 Mapshoff
675 1692 682 1711 ι
708 1680 863 1719 interque
881 1682 1093 1719 (semperque
1109 1677 1205 1717 edd.).

470 1723 482 1742 ³
505 1725 584 1762 <et2>
600 1723 751 1762 alioqui?
770 1721 931 1762 Mayhoff.

283 1833 297 1847 ‘²
320 1828 400 1859 This
422 1827 522 1858 belief
543 1827 570 1858 is
592 1825 669 1857 held
691 1830 727 1857 at
750 1825 808 1857 the
830 1828 964 1865 present
985 1825 1069 1855 time
1090 1825 1125 1855 in
1147 1834 1239 1855 some
1260 1827 1356 1864 parts
1377 1824 1413 1856 of

239 1872 382 1903 Britain.
430 1871 474 1902 Of
489 1880 606 1901 course
624 1869 682 1900 the
699 1868 828 1900 cuckoo
845 1869 872 1899 is
890 1871 951 1899 not
969 1867 1004 1899 of
1021 1867 1079 1898 the
1097 1867 1195 1898 hawk
1213 1868 1350 1909 species.

284 1914 296 1933 ⁶
319 1913 353 1944 It
371 1914 398 1944 is
416 1913 520 1953 really
538 1923 558 1943 a
576 1913 734 1952 migrant.

283 1962 293 1976 ⁶
317 1957 363 1987 As
381 1967 400 1987 a
418 1960 544 1987 matter
561 1955 597 1986 of
612 1955 683 1986 fact
701 1954 770 1985 this
787 1954 814 1985 is
831 1963 934 1985 never
951 1953 1010 1984 the
1027 1962 1111 1984 case.

280 2000 293 2017 ‘¹
318 1999 370 2030 All
389 1999 423 2030 of
440 1999 533 2030 what
550 1997 679 2029 follows
697 1998 724 2028 is
742 2000 875 2028 untrue.

240 2062 310 2109 308
