1482 2312
453 141 580 180 PLIN
584 143 618 180 Y
633 156 641 180 :
691 143 727 180 N
729 143 954 181 ATURAL
988 143 1222 181 HISTORY

255 242 396 287 Rhodi,
417 250 458 281 et
477 244 554 281 alia
572 258 721 295 genera
740 245 933 289 similiter,
952 258 1002 282 ne
1021 245 1240 283 culinarum
1258 259 1425 284 censura

254 303 481 347 peragatur.
536 297 712 335 nondum
769 298 994 335 Britannica
1038 300 1264 336 serviebant
1308 299 1425 336 litora

254 363 344 387 cum
367 350 492 387 Orata
516 351 685 388 Lucrina
713 351 974 395 nobilitabat3
1010 358 1150 401 postea
1173 355 1299 389 visum
1319 355 1423 390 tanti

255 405 294 439 in
311 409 533 440 extremam
551 404 709 441 Italiam
721 411 861 454 petere
874 404 1125 442 Brundisium
1139 411 1303 449 ostreas,
1317 419 1361 442 ac
1374 419 1424 442 nc

255 456 299 493 lis
342 463 446 494 esset
487 460 592 494 inter
631 457 729 494 duos
769 471 942 508 sapores,
983 471 1109 508 nuper
1149 462 1422 509 excogitatum

255 509 403 546 famem
424 510 567 561 longae
588 511 830 548 advectionis
852 525 873 547 a
895 511 1101 548 Brundisio
1121 525 1359 561 conpascere
1384 515 1425 548 in

256 562 436 600 Lucrino.

172 620 233 652 170
309 616 469 653 LXXX.
499 616 651 654 Eadem
699 622 836 654 aetate
882 620 986 666 prior
1034 617 1204 654 Licinius
1254 618 1425 655 Murena

254 669 494 719 reliquorum
534 673 699 719 piscium
740 673 885 706 vivaria
925 673 1090 714 invenit,
1129 673 1238 708 cuius
1279 670 1424 708 deinde

255 723 482 772 exemplum
516 723 701 760 nobilitas
735 729 872 760 secuta
907 730 967 760 est
1003 723 1186 773 Philippi,
1221 724 1422 761 Hortensi.

255 775 441 813 Lucullus
463 779 593 813 exciso
614 779 736 814 etiam
756 783 893 813 monte
913 780 1025 813 iuxta
1047 777 1255 826 Neapolim
1276 780 1423 815 maiore

251 829 454 878 impendio
488 843 607 879 quam
640 829 772 866 villam
806 830 1135 867 exaedificaverat
1169 833 1350 880 euripum
1383 837 1424 868 et

253 885 376 918 maria
417 882 589 927 admisit,
630 896 708 933 qua
747 883 798 920 de
837 897 956 920 causa
999 884 1170 933 Magnus
1212 883 1422 933 Pompeius

253 935 414 972 Xerxen
460 942 645 986 togatum
693 950 783 973 eum
831 936 1074 986 appellabat.
1171 943 1235 987 ffil
1293 936 1359 974 HS
1402 950 1424 974 e

255 991 404 1038 piscina
421 1002 468 1026 ea
481 988 496 1012 1
513 989 703 1026 defuncto
719 989 786 1026 illo
803 993 961 1027 veniere
977 992 1115 1039 pisces.

173 1045 227 1076 171
306 1042 489 1080 LXXXI.
522 1044 781 1080 Murenarum
819 1046 1009 1080 vivarium
1046 1045 1230 1092 privatim
1268 1046 1425 1094 excogi-

252 1098 353 1132 tavit
380 1102 475 1133 ante
502 1095 598 1133 ahos
626 1096 668 1133 C.
698 1096 865 1140 Hirrius‚
893 1099 958 1146 qui
986 1099 1092 1133 cenis
1119 1095 1424 1146 triumphalibus

253 1148 432 1186 Caesaris
470 1149 674 1186 dictatoris
713 1163 783 1186 sex
822 1149 928 1186 milia
968 1163 1131 1186 numero
1171 1163 1423 1187 murenarum

253 1208 393 1239 mutua
431 1202 646 1252 appendit3
698 1216 790 1239 nam
828 1208 1056 1252 permutare
1095 1203 1257 1253 quidem
1294 1206 1423 1253 pretio

253 1255 378 1292 noluit
423 1255 549 1293 aliave
594 1269 737 1293 merce.
792 1255 906 1293 huius
952 1255 1082 1302 villam
1128 1255 1259 1293 infra²
1303 1269 1422 1306 quam

170 1312 231 1344 172
255 1308 449 1346 modicam
492 1315 554 1359 1541]
604 1312 777 1359 piscinae
818 1309 1094 1347 vendiderunt.
1148 1312 1291 1347 invasit
1331 1309 1424 1347 dein

253 1362 495 1412 singulorum
533 1365 699 1412 piscium
735 1376 855 1399 amor.
911 1363 1017 1412 apud
1053 1363 1196 1400 Baulos
1232 1365 1272 1400 in
1308 1369 1423 1412 parte

253 1415 402 1452 Baiana
435 1419 625 1465 piscinam
658 1415 798 1453 habuit
833 1416 1068 1453 Hortensius
1102 1422 1235 1453 orator
1273 1419 1312 1452 in
1345 1429 1423 1466 qua

254 1482 459 1506 murenam
487 1469 587 1506 adeo
614 1469 753 1506 dilexit
781 1475 825 1506 ut
853 1472 1122 1506 exanimatam
1150 1469 1263 1506 flesse
1289 1469 1423 1507 creda-

253 1528 329 1558 tur.
383 1525 424 1558 in
451 1522 591 1560 eadem
619 1522 708 1559 villa
734 1523 910 1559 Antonia
946 1523 1061 1559 Drusi
1089 1536 1278 1560 murenae
1304 1536 1423 1573 quam

252 1575 445 1626 diligebat
471 1579 626 1613 inaures
650 1575 818 1618 addidit,
840 1579 950 1613 cuius
974 1583 1136 1625 propter
1157 1575 1305 1613 famam
1327 1589 1423 1613 non-

254 1629 346 1665 nulli
367 1628 509 1666 Baulos
530 1629 663 1666 videre
683 1632 1002 1679 concupiverunt.

462 1725 474 1744 1
499 1725 654 1766 Mayhoff
665 1738 672 1757 :
698 1734 744 1756 XL
761 1725 807 1756 hii
824 1736 858 1757 se
875 1725 1018 1767 pisimae
1034 1735 1054 1756 a
1069 1730 1126 1757 aut
1141 1725 1220 1756 alia.

461 1768 473 1786 ²
499 1768 652 1809 Mayhoff
663 1779 670 1799 :
695 1769 795 1799 intra.

292 1876 306 1890 ⁰
330 1871 459 1904 Xerxes
490 1872 588 1903 made
619 1882 639 1902 a
671 1871 811 1903 channel
842 1871 894 1903 for
931 1871 982 1902 his
1013 1871 1091 1903 fleet
1122 1871 1269 1912 through
1299 1872 1421 1903 Mount

249 1913 366 1946 Athos.

291 1956 303 1975 ⁶
326 1959 368 1988 46
380 1956 447 1988 and
459 1958 501 1988 45
515 1966 580 1989 B.c.

295 2005 306 2020 ⁶
329 2000 399 2030 The
430 1999 608 2040 colloquial
638 2010 697 2031 use
727 1999 765 2030 of
798 1999 896 2036 video,
930 1999 994 2041 ‘go
1025 2004 1061 2031 to
1091 1999 1168 2037 see‚’
1200 1999 1354 2031 survives
1385 2000 1420 2031 in

248 2042 383 2078 Italian,
398 2053 454 2083 ας.
472 2042 479 2054 ‘
496 2042 588 2073 Vede
602 2042 724 2083 Napoli
739 2052 756 2073 e
771 2043 826 2084 poi
840 2042 948 2073 mori.’

250 2104 317 2148 278
