1482 2312
375 166 541 204 PLINY
556 180 564 204 z
615 166 878 204 NATURAL
915 165 1150 204 HISTORY

176 283 296 320 quam
337 282 422 307 esse
462 275 619 306 certum
659 275 735 313 est,
775 268 991 319 multisque
1031 282 1110 305 non
1150 268 1348 318 profluere

174 333 415 376 transfossis,
437 333 543 383 quod
568 333 715 370 homini
740 339 901 370 tantum
927 335 1072 370 evenit.
1126 346 1218 369 nam
1244 346 1347 383 quae

176 404 333 434 mutare
358 397 529 434 diximus
554 397 728 434 colorem
753 397 927 433 alienum
953 399 1152 446 accipiunt
1178 396 1350 447 quodam

176 475 424 512 repercussu,
450 461 568 498 homo
595 461 699 498 solus
727 463 767 497 in
793 475 835 498 se
862 467 1006 498 mutat.
1060 461 1186 497 morbi
1213 474 1350 498 omnes

176 539 360 576 morsque
379 529 615 576 sanguinem
635 526 862 562 absumunt.

92 595 154 627 226
224 589 350 627 XCII.
380 589 481 627 Sunt
514 592 579 640 qui
609 589 875 639 suptilitatem
908 592 1027 626 animi
1059 595 1242 626 constare
1272 602 1350 627 non

176 657 379 691 tenuitate
401 657 603 704 sanguinis
626 660 786 703 putent,
807 653 878 691 sed
899 660 991 690 cute
1013 656 1351 704 operimentisque

176 732 384 768 corporum
407 721 534 769 magis
557 724 627 755 aut
650 721 779 755 minus
802 719 921 755 bruta
945 731 1044 761 esse,
1067 724 1112 755 ut
1135 723 1286 755 ostreas
1310 724 1351 755 et

178 783 424 826 testudines;
489 783 610 820 boum
660 789 792 833 terga,
843 788 976 819 saetas
1026 795 1142 819 suum
1192 782 1351 819 obstare

176 849 368 884 tenuitati
386 849 615 884 immeantis
634 849 809 897 spiritus,
827 859 900 884 nec
917 860 1060 896 purum
1078 846 1352 897 liquidumque

174 914 369 955 tramitti3
409 914 463 948 sic
489 917 531 948 et
556 914 596 947 in
622 911 796 955 homine,
821 924 911 948 cum
936 914 1102 948 crassior
1124 910 1353 949 callosiorve

177 975 364 1012 excludat
397 978 625 1012 cutis—ceu
653 989 746 1012 vero
779 989 857 1012 non
890 975 1094 1012 crocodilis
1127 981 1169 1012 et
1206 975 1353 1012 duritia

91 1044 154 1075 227
173 1043 343 1089 tergoris
368 1040 570 1076 tribuatur
594 1046 635 1077 et
655 1040 844 1077 sollertia.
898 1039 1048 1076 XCIII.
1077 1038 1352 1090 hippopotami

175 1107 280 1141 corio
313 1104 533 1141 crassitudo
566 1104 658 1141 talis
691 1110 737 1141 ut
769 1104 862 1141 inde
894 1110 1106 1141 tornentur
1137 1103 1278 1141 hastae
1310 1110 1352 1141 et

175 1174 313 1205 tamen
330 1169 529 1218 quaedam
544 1171 704 1219 ingenio
720 1169 875 1206 medica
890 1168 1111 1219 diligentia.
1166 1168 1353 1218 elephan-

176 1238 308 1269 torum
320 1246 479 1283 quoque
490 1239 652 1283 tergora
663 1233 976 1283 inpenetrabiles
987 1239 1117 1270 cetras
1130 1233 1327 1283 praebent
1336 1233 1352 1256 1

177 1298 283 1347 (cum
310 1303 448 1334 tamen
477 1300 654 1334 omnium
684 1297 975 1348 quadripedum
1004 1297 1203 1347 suptilitas
1231 1298 1351 1334 animi

176 1364 390 1411 praecipua
418 1361 680 1411 perhibetur2
705 1361 820 1410 illis);
862 1375 956 1412 ergo
987 1364 1088 1398 cutis
1119 1364 1204 1411 ipsa
1234 1375 1352 1399 sensu

174 1431 300 1469 earet,
322 1439 509 1463 maxume
532 1428 573 1462 in
592 1428 737 1476 eapite.
784 1426 1024 1476 ubicumque
1047 1439 1118 1476 per
1137 1439 1180 1463 se
1199 1439 1245 1463 ac
1267 1428 1349 1463 sine

175 1503 293 1527 carne
313 1496 374 1527 est
392 1490 599 1527 volnerata
617 1504 695 1527 non
713 1493 807 1534 coit,
825 1496 870 1527 ut
888 1493 930 1527 in
946 1491 1071 1527 bucca
1087 1490 1272 1541 cilioque.

91 1558 154 1590 228
224 1554 366 1592 XCIV.
396 1554 510 1601 Quae
525 1555 673 1591 animal
692 1558 853 1605 pariunt
867 1555 966 1605 pilos
981 1554 1147 1599 habent,
1162 1569 1266 1605 quae
1279 1569 1352 1593 ova

175 1621 316 1668 pinnas
342 1625 413 1657 aut
438 1633 624 1670 squamas
650 1625 721 1657 aut
746 1622 935 1657 corticem
961 1625 1006 1657 ut
1031 1619 1256 1657 testudines
1283 1626 1353 1657 aut

174 1689 309 1720 cutem
346 1697 488 1733 puram
518 1690 563 1721 ut
593 1689 814 1734 serpentes.
868 1686 1079 1735 pinnarum
1108 1683 1241 1721 caules
1271 1698 1353 1721 om-

174 1750 285 1784 nium
299 1750 407 1792 cavi3
433 1751 634 1798 praecisae
653 1762 732 1785 non
751 1754 948 1792 crescunt,
964 1748 1122 1785 evulsae
1142 1761 1353 1786 renascun-

175 1817 252 1849 tur.
307 1812 548 1850 membranis
564 1813 701 1850 volant
715 1812 922 1863 fragilibus
941 1815 1108 1856 insecta,
1122 1814 1352 1851 umentibus

308 1920 317 1938 ¹
344 1919 534 1951 Raclslzam:
560 1920 699 1952 habent.
879 1921 890 1940 ²
914 1920 1133 1961 perhibeatur
1148 1919 1218 1952 edd.

315 2031 329 2045 ‘²
354 2028 448 2060 VIII.
469 2029 541 2065 122,
558 2028 623 2060 IX.
639 2030 692 2059 87.
887 2028 899 2047 ¹¹
921 2028 981 2060 See
998 2029 1095 2060 VIII.
1110 2029 1163 2060 96.

175 2101 245 2138 574
