1482 2312
441 126 605 164 PLINY
619 140 628 165 ι
678 128 938 166 NATURAL
974 129 1207 167 HISTORY

244 229 415 273 entibus,
461 232 586 267 cristis
642 230 788 274 fauces,
834 237 1035 282 caputque
1086 232 1245 282 plumeo
1297 235 1409 282 apice

194 293 214 322 4
240 287 490 325 honestante.
545 291 693 338 primus
720 296 842 340 atque
861 290 1161 340 diligentissime
1180 297 1409 341 togatorum

242 347 292 383 de
319 360 364 384 eo
390 347 561 396 prodidit
591 347 778 385 Manilius
803 355 963 386 senator
981 349 1046 386 ille
1066 352 1247 386 maximis
1270 350 1409 387 nobilis

242 405 428 442 doctrinis
470 406 631 442 doctore
673 406 802 443 nullo:
859 410 1058 444 neminem
1102 411 1300 445 exstitisse
1343 411 1407 458 qui

243 464 383 501 viderit
424 470 662 508 vescentem,
710 478 864 502 sacrum
911 469 950 501 in
998 466 1145 502 Arabia
1185 465 1263 503 Soli
1306 479 1405 510 esse,

244 525 372 559 vivere
424 526 534 560 annis
573 535 659 566 οη,
699 530 974 561 senescentem
1029 527 1177 561 cassiae
1229 528 1408 575 turisque

242 581 404 618 surculis
453 587 681 618 construere
732 582 881 626 nidum,
932 583 1084 631 replere
1134 583 1317 620 odoribus
1368 589 1408 620 et

242 643 506 689 superemori;
540 653 589 677 ex
608 641 758 677 ossibus
777 641 921 678 deinde
942 647 981 678 et
1003 641 1183 678 medullis
1203 644 1285 679 eius
1305 645 1407 679 nasci

243 701 367 747 primo
380 711 451 735 ceu
467 698 736 742 vermiculum,
750 699 841 736 inde
859 700 940 736 fieri
960 699 1125 749 pullum,
1138 703 1408 750 principioque

242 759 344 793 iusta
371 756 510 794 funera
533 760 649 806 priori
677 758 843 795 reddere
865 764 905 795 et
931 764 1062 795 totum
1089 758 1246 796 deferre
1273 759 1408 796 nidum

242 828 363 865 prope
380 815 616 852 Panchaiam
630 819 670 852 in
678 816 775 853 Solis
789 817 927 853 urbem
943 823 983 853 et
997 820 1036 853 in
1050 830 1117 853 ara
1131 817 1182 853 ibi
1197 817 1408 866 deponere.

197 881 216 910 5
241 887 331 911 cum
356 873 469 911 huius
498 875 602 912 alitis
627 878 706 912 vita
736 878 867 925 magni
891 878 1186 912 conversionem
1210 878 1298 912 anni
1325 876 1406 913 fieri

242 933 371 982 prodit
423 933 527 969 idem
580 934 780 976 Manilius,
829 936 1054 984 iterumque
1104 934 1409 984 significationes

241 997 530 1040 tempestatum
554 998 595 1028 et
618 992 789 1028 siderum
814 992 973 1029 easdem
998 995 1156 1034 reverti,
1179 992 1250 1029 hoc
1273 999 1407 1030 autem

240 1053 341 1086 circa
385 1050 588 1087 meridiem
633 1053 803 1100 incipere
847 1064 924 1101 quo
966 1051 1029 1088 die
1072 1054 1227 1101 signum
1275 1054 1407 1088 arietis

241 1108 297 1145 sol
335 1111 556 1152 intraverit,
592 1115 633 1146 et
678 1109 796 1146 fuisse
840 1113 922 1146 eius
964 1113 1226 1147 conversionis
1261 1123 1408 1147 annum

242 1167 436 1216 prodente
475 1181 516 1204 se
556 1167 597 1204 P.
641 1168 789 1204 Licinio
834 1168 903 1204 Cn.
945 1168 1125 1205 Cornelio
1168 1182 1263 1205 coss.
1304 1181 1408 1205 ccxv.

242 1225 445 1263 Cornelius
499 1226 731 1263 Valerianus
785 1226 1017 1276 phoenicem
1072 1227 1316 1264 devolavisse
1369 1230 1408 1263 in

242 1284 474 1335 Aegyptum
508 1285 631 1322 tradit
662 1284 708 1331 Q.
742 1284 896 1322 Plautio
932 1285 1054 1322 Sexto
1092 1285 1254 1335 Papinio
1289 1299 1409 1329 coss.;

242 1342 385 1380 allatus
419 1349 478 1380 est
513 1350 553 1380 et
586 1346 625 1379 in
660 1344 798 1380 urbem
832 1343 983 1380 Claudii
1022 1347 1205 1393 principis
1243 1357 1409 1381 censura

243 1414 344 1438 anno
387 1402 492 1439 urbis
535 1414 626 1438 Dccc
669 1408 709 1439 et
754 1405 793 1438 in
829 1405 989 1439 comitio
1028 1405 1263 1452 propositus,
1303 1403 1408 1453 quod

243 1463 339 1497 actis
377 1467 571 1497 testatum
611 1467 684 1497 est.
723 1460 793 1497 sed
831 1474 948 1510 quem
988 1460 1129 1497 falsum
1169 1474 1254 1498 esse
1293 1474 1409 1498 nemo

242 1518 456 1557 dubitaret.

202 1583 220 1613 6
292 1578 365 1614 ΙΙΙ.
397 1578 456 1614 Ex
477 1577 536 1615 his
559 1592 655 1628 quas
677 1581 854 1615 novimus
878 1578 1035 1628 aquilae
1057 1581 1252 1616 maximus
1273 1578 1409 1622 honos,

242 1640 414 1673 maxima
454 1643 495 1673 et
534 1640 601 1674 vis.
657 1650 726 1673 sex
756 1649 891 1673 earum
924 1650 1085 1687 genera,
1115 1637 1359 1674 melanaetos
1388 1651 1411 1673 a

294 1770 307 1784 ¹¹
330 1767 370 1797 97
394 1775 457 1797 ac.
595 1765 607 1784 ⁶
631 1775 701 1797 Λα).
724 1766 775 1796 36.
915 1770 925 1784 ⁶
949 1775 1019 1797 ΑΛ).
1040 1767 1092 1797 47.

293 1809 307 1828 ‘¹
331 1809 373 1841 Of
394 1809 486 1840 these
505 1810 698 1840 melanaetos
718 1809 745 1839 is
764 1808 871 1840 either
890 1808 948 1840 the
969 1808 1096 1840 Golden
1117 1818 1154 1839 or
1173 1808 1231 1840 the
1253 1808 1408 1850 Imperial

247 1852 360 1893 Eagle‚
399 1862 558 1892 pyqarqas
596 1852 622 1882 is
659 1851 718 1883 the
760 1851 989 1882 White-tailed
1027 1851 1210 1892 Sea-Eagle
1247 1861 1284 1882 or
1321 1862 1408 1888 erne,

249 1895 403 1926 haliaetos
422 1895 479 1925 the
497 1895 635 1935 Osprey,
655 1894 829 1934 morphnos
849 1905 886 1925 or
904 1904 1036 1934 percnos
1055 1894 1114 1925 the
1133 1893 1219 1925 Bald
1238 1894 1408 1931 Buzzard;

248 1938 311 1969 but
339 1942 562 1978 percnopterus
590 1937 656 1968 and
687 1937 818 1977 qneaiua
846 1947 902 1968 are
933 1936 1188 1968 unidentifiable
1217 1947 1254 1968 as
1285 1937 1410 1978 speeies

247 1984 400 2021 separate
415 1980 501 2011 {rom
516 1980 575 2011 the
591 1980 711 2011 others.

240 2053 308 2087 294
