1482 2312
414 127 579 165 PLINY
594 141 603 165 :
653 127 914 165 NATURAL
950 125 1184 165 HISTORY

126 236 187 268 103
215 244 307 268 nem
337 233 493 274 emisso,
522 229 614 267 foris
645 229 781 272 effuso,
810 231 916 266 intus
947 228 1160 278 replicat03
1202 232 1281 266 iam
1309 230 1383 267 dis-

127 986 187 1016 104

127 1362 186 1392 105

215 308 408 343 tinctione
450 304 660 355 virgulata,
701 306 856 347 crinita,
897 306 1038 353 crispa,
1079 303 1385 350 canaliculatim,

217 383 452 430 pectinatim
489 379 627 423 divisa,
660 379 898 416 imbricatim
932 378 1097 422 undata,
1133 379 1385 417 cancellatim

216 455 440 499 reticulata,
460 457 500 491 in
520 454 739 504 obliquum,
759 456 799 489 in
819 459 974 490 rectum
995 466 1184 503 expansa,
1204 454 1386 499 densata,

216 535 412 580 porrecta,
446 532 626 571 sinuata3
674 529 783 565 brevi
820 528 923 565 nodo
958 528 1104 578 ligatis,
1138 534 1226 566 toto
1259 529 1385 567 latere

215 607 389 648 conexis,
415 604 466 641 ad
489 604 672 654 plausum
698 606 860 653 apertis,
886 603 936 640 ad
961 603 1145 640 bucinam
1162 603 1176 627 ¹
1202 607 1384 642 recurvis.

217 683 406 730 navigant
433 692 482 716 ex
507 678 566 716 his
592 678 802 722 Veneriae,
827 678 1149 728 praebentesque
1173 692 1386 716 concavam

217 758 275 792 sui
289 760 446 804 partem
462 759 503 791 et
517 767 638 790 aurae
653 758 901 803 opponentes
916 766 988 802 per
1001 766 1155 790 summa
1169 766 1386 803 aequorum

217 830 426 867 velificant.
480 828 627 866 saliunt
650 830 830 877 pectines
855 834 896 865 et
921 833 1036 864 extra
1059 828 1241 872 volitant,
1264 842 1386 879 seque

217 910 258 942 et
277 907 349 954 ipsi
367 907 560 941 carinant.

266 979 377 1016 LIII.
413 978 491 1016 Sed
535 978 630 1028 quid
673 977 771 1014 haec
813 983 898 1014 tam
941 990 1063 1027 parva
1107 991 1387 1023 commemoro,

216 1068 304 1092 cum
340 1053 545 1104 populatio
579 1066 731 1089 morum
768 1058 891 1102 atque
926 1052 1081 1089 luxuria
1115 1066 1193 1090 non
1228 1053 1387 1091 aliunde

217 1133 340 1166 maior
368 1142 488 1179 quam
518 1142 539 1165 e
567 1127 806 1165 concharum
835 1141 983 1177 genere
1013 1128 1248 1176 proveniat?
1307 1131 1386 1165 iam

217 1205 377 1255 quidem
430 1217 479 1240 ex
529 1209 616 1240 tota
668 1216 799 1239 rerum
850 1208 992 1239 natura
1043 1202 1387 1240 damnosissimum

219 1283 345 1317 ventri
374 1292 483 1315 mare
511 1284 571 1315 est
598 1283 660 1315 tot
687 1277 828 1320 modis,
855 1283 915 1314 tot
944 1281 1105 1321 mensis,
1132 1284 1194 1315 tot
1221 1281 1387 1327 piscium

214 1355 418 1404 saporibus
439 1356 525 1404 quis
545 1356 674 1402 pretia
692 1355 936 1402 capientium
956 1352 1130 1401 periculo
1151 1353 1262 1390 fiunt.
1318 1353 1389 1391 sed

217 1436 339 1480 quota
365 1429 462 1466 haec
501 1430 630 1478 portio
664 1434 723 1464 est
760 1427 1039 1476 reputantibus
1066 1440 1272 1476 purpuras,
1297 1442 1386 1465 con-

215 1505 359 1555 chylia,
391 1503 653 1553 margaritas!
687 1516 826 1552 parum
859 1502 1008 1539 scilicet
1041 1502 1172 1539 fuerat
1204 1506 1243 1539 in
1275 1503 1387 1553 gulas

216 1580 328 1617 condi
362 1582 499 1622 maria,
529 1581 600 1615 nisi
629 1577 825 1620 manibus,
855 1577 1030 1620 auribus,
1058 1580 1191 1626 capite
1220 1584 1387 1628 totoque

216 1668 378 1704 corpore
399 1667 422 1690 a
443 1653 599 1690 feminis
628 1655 739 1689 iuxta
769 1655 940 1702 virisque
967 1658 1236 1701 gestarentur.
1293 1653 1386 1703 quid

217 1733 311 1767 mari
351 1743 441 1766 cum
480 1728 670 1770 vestibus,
709 1727 803 1776 quid
842 1727 956 1763 undis
995 1726 1260 1777 fluctibusque
1297 1742 1386 1765 cum

217 1804 390 1842 vellere?
445 1817 523 1840 non
551 1809 660 1839 recte
690 1805 830 1851 recipit
860 1801 957 1838 haec
986 1814 1056 1838 nos
1085 1815 1215 1838 rerum
1245 1808 1388 1840 natura

217 1883 287 1916 nisi
316 1879 461 1916 nudos!
521 1884 622 1920 esto,
645 1880 694 1914 sit
718 1883 833 1913 tanta
860 1879 987 1913 ventri
1012 1889 1103 1913 cum
1127 1890 1174 1914 eo
1197 1880 1388 1915 societas:

637 1973 649 1992 ²
673 1972 779 2005 Edd.:
805 1972 980 2004 bucinum.

217 2049 285 2085 232
