1482 2312
127 446 184 476 151

131 1488 189 1517 153

400 95 563 133 PLINY
579 109 587 132 ε
637 95 898 132 NATURAL
935 93 1169 131 HISTORY

208 197 410 234 adsultans
425 201 642 245 contraque
662 194 865 232 membra1
890 207 1086 244 exurgens
1102 193 1191 230 hinc
1211 199 1253 230 et
1267 193 1372 231 illinc

208 258 346 294 artifici
364 257 631 299 dimicatione,
648 269 725 306 qua
741 268 927 292 maxume
944 268 1041 304 opus
1059 261 1163 291 esset
1180 254 1373 291 infestans

208 325 330 368 atque
374 320 540 361 evitans,
583 317 708 353 donec
751 316 915 353 adsidua
959 321 1134 352 rotatum
1180 318 1373 365 vertigine

209 379 362 416 adflixit
385 379 435 415 ad
455 391 590 415 casum
613 380 695 414 eius
716 377 860 414 tellure
882 390 1081 413 concussa.

259 440 386 476 LXII.
416 440 567 476 Canum
598 441 735 488 generi
764 439 823 475 bis
854 451 957 474 anno
987 444 1136 487 partus.
1192 440 1295 474 iusta
1324 438 1374 474 ad

208 501 441 550 pariendum
469 513 600 536 annua
627 505 750 536 aetas.
806 505 951 549 gerunt
980 505 1138 535 uterum
1165 502 1374 549 sexagenis

209 563 359 599 diebus.
414 565 584 612 gignunt
621 574 774 604 caecos,
813 566 855 597 et
894 574 971 610 quo
1009 560 1178 610 largiore
1216 560 1376 597 aluntur

207 624 312 660 lacte
354 637 401 660 eo
441 623 656 660 tardiorem
698 625 822 658 visum
864 625 1076 670 accipiunt,
1118 634 1197 658 non
1238 627 1375 658 tamen

210 698 398 734 umquam
453 684 558 720 ultra
607 697 670 721 xx1
722 683 827 720 diem
879 696 950 719 nec
1002 688 1096 719 ante
1148 685 1373 732 septimum.

211 747 370 796 quidam
391 746 571 789 tradunt,
593 748 624 782 si
646 758 745 781 unus
767 747 969 795 gignatur,
991 757 1093 780 nono
1115 744 1179 781 die
1200 757 1376 788 cernere,

211 813 240 845 si
260 810 422 858 gemini,
440 807 621 850 decumo,
640 809 817 855 itemque
836 808 875 842 in
894 805 1067 855 singulos
1087 805 1188 842 adici
1206 805 1376 842 totidem

211 869 412 906 tarditatis
432 868 483 905 ad
502 868 630 905 lucem
649 868 747 911 dies,
768 873 809 904 et
829 867 879 903 ab
900 880 947 903 ea
968 880 1070 916 quae
1089 870 1140 904 sit
1160 866 1308 903 femina
1328 880 1376 903 ex

210 933 422 980 primipara
442 933 579 980 genita
598 932 712 966 citius
731 929 745 952 ²
763 931 882 965 cerni.
938 934 1124 977 optumus
1144 931 1184 964 in
1204 928 1291 965 fetu
1311 931 1376 978 qui

211 995 440 1028 novissimus
461 1003 622 1028 cernere
643 993 794 1040 incipit,
816 996 885 1026 aut
907 1003 1025 1040 quem
1048 992 1217 1039 primum
1238 989 1317 1026 fert
1337 992 1377 1026 in

212 1053 340 1089 cubile
360 1053 456 1089 feta.

264 1114 412 1151 LXIII.
442 1114 586 1150 Rabies
610 1127 753 1150 canum
778 1116 868 1150 sirio
893 1113 1060 1150 ardente
1085 1112 1232 1149 homini
1257 1115 1378 1162 pesti-

211 1176 309 1219 fera,
350 1182 393 1212 ut
434 1176 618 1219 diximus,
658 1178 715 1211 ita
755 1177 890 1211 morsis
932 1174 1041 1211 letali
1083 1187 1210 1224 aquae
1252 1179 1375 1211 metu.

212 1243 455 1287 quapropter
479 1237 634 1273 obviam
661 1239 740 1273 itur
765 1249 836 1285 per
859 1249 933 1273 xxx
960 1249 1025 1272 eos
1049 1236 1132 1272 dies
1155 1235 1378 1286 gallinaceo

212 1301 383 1335 maxime
404 1298 494 1334 fimo
513 1300 680 1334 inmixto
699 1311 841 1334 canum
860 1298 955 1334 cibis
975 1303 1058 1341 aut,
1077 1300 1108 1334 si
1126 1300 1378 1346 praevenerit

212 1360 384 1403 morbus,
415 1365 583 1396 veratro.
638 1372 661 1395 a
689 1372 820 1396 morsu
850 1372 941 1395 vero
971 1361 1129 1395 unicum
1159 1358 1377 1395 remedium

212 1421 369 1457 oraculo
412 1421 583 1470 quodam
625 1433 751 1469 nuper
791 1426 994 1469 repertum
1036 1420 1148 1456 radix
1190 1419 1378 1456 silvestris

211 1495 321 1518 rosae
338 1495 439 1531 quae
455 1481 702 1531 cynorrhoda
717 1481 955 1530 appellatur.
1005 1480 1226 1517 Columella
1242 1486 1379 1517 auctor

214 1549 288 1586 est,
308 1546 337 1579 si
359 1556 404 1579 XL
423 1543 487 1579 die
508 1556 627 1592 quam
653 1546 704 1579 sit
730 1549 847 1579 natus
874 1548 1071 1579 castretur
1096 1555 1227 1579 morsu
1252 1542 1378 1578 cauda

213 1617 466 1654 summusque
495 1607 577 1641 eius
605 1604 792 1640 articulus
820 1603 1037 1647 auferatur,
1064 1606 1200 1653 spinae
1217 1603 1232 1626 ³
1259 1616 1378 1640 nervo

214 1671 400 1714 exempto
436 1678 508 1701 nec
543 1665 712 1702 caudam
748 1678 923 1701 crescere
960 1678 1032 1701 nec
1068 1678 1186 1702 canes
1222 1664 1378 1701 rabidos

214 1726 308 1762 fieri.
361 1739 500 1764 canem
528 1726 703 1762 locutum
742 1729 782 1762 in
818 1726 1019 1775 prodigiis,
1049 1726 1154 1776 quod
1193 1726 1377 1775 equidem

267 1813 277 1830 ¹
304 1813 354 1843 v.l.
371 1818 557 1852 contraque
574 1812 719 1843 beluam.
829 1812 842 1830 ²
865 1812 947 1843 Edd.
964 1825 971 1843 z
996 1811 1113 1843 clunos
1129 1816 1184 1843 aut
1201 1812 1333 1843 faunos.

513 1855 525 1874 ³
550 1855 704 1895 Mayhoff
716 1866 730 1886 e
749 1855 924 1886 Columella
941 1868 947 1886 :
973 1855 1079 1895 sequi.

687 1945 700 1960 ‘¹
723 1941 772 1972 Cf.
789 1941 824 1971 II
842 1943 913 1972 107.

218 2004 284 2040 106
