1482 2312
419 179 592 218 PLINY
606 194 615 218 ε
666 180 929 219 NATURAL
966 180 1202 219 HISTORY

224 285 264 319 in
279 282 491 320 mulierum
507 288 600 320 cute
617 285 893 326 existimatur;
917 282 1106 333 Poppaea
1120 288 1231 320 certe
1247 283 1398 321 Domiti

225 351 392 389 Neronis
417 354 589 389 coniunx
616 355 856 402 quingentas
881 366 954 402 per
978 354 1112 389 omnia
1136 365 1270 390 secum
1295 352 1399 390 fetas

222 421 387 458 trahens
424 422 659 459 balnearum
696 424 820 459 etiam
856 422 953 459 solio
988 427 1122 459 totum
1157 435 1298 472 corpus
1333 422 1399 460 illo

223 490 329 528 lacte
368 491 615 536 macerabat,
652 491 817 529 extendi
854 505 1014 542 quoque
1049 497 1186 529 cutem
1221 491 1398 529 credens.

223 574 341 598 omne
365 567 501 598 autem
524 564 616 612 igne
638 563 845 611 spissatur,
866 561 1013 612 frigore
1035 561 1231 599 serescit.l
1273 562 1399 598 bubu-

224 630 306 667 lum
317 643 433 668 caseo
445 630 616 668 fertilius
629 644 750 681 quam
761 634 983 681 caprinum,
997 644 1047 668 ex
1060 631 1202 668 eadem
1214 644 1399 668 mensura

224 714 353 750 paene
373 700 502 738 altero
521 707 649 738 tanto.
705 714 809 750 quae
829 701 961 751 plures
982 704 1187 751 quaternis
1207 714 1399 738 mammas

223 769 375 807 habent
394 783 511 807 caseo
531 770 701 815 inutilia,
722 777 764 808 et
783 770 948 807 meliora
969 784 1072 821 quae
1092 771 1217 808 binas.

137 845 202 876 239
272 839 494 890 Coagulum
548 839 757 883 hinnulei‚²
804 839 962 889 leporis,
1007 839 1124 877 haedi
1175 839 1400 885 laudatum,

223 912 483 959 praecipuum
505 915 644 946 tamen
667 909 896 959 dasypodis,
920 909 1027 959 quod
1051 915 1092 946 et
1111 908 1303 959 profluvio
1323 909 1398 946 alvi

224 978 424 1021 medetur,
447 981 562 1015 unius
591 981 794 1028 utrimque
820 978 1091 1015 dentatorum.
1146 981 1290 1015 mirum
1311 978 1399 1015 bar-

222 1048 339 1085 baras
354 1054 498 1097 gentes
520 1061 623 1098 quae
641 1047 748 1085 lacte
768 1051 903 1084 vivant
924 1050 1106 1098 ignorare
1127 1054 1197 1084 aut
1213 1061 1399 1097 spernere

222 1123 285 1155 tot
320 1117 487 1154 saeculis
523 1120 628 1154 casei
664 1117 816 1161 dotem,
851 1117 1068 1154 densantes
1104 1117 1144 1154 id
1178 1116 1325 1167 alioqui
1359 1119 1399 1153 in

223 1200 380 1224 acorem
414 1186 632 1224 iucundum
667 1192 709 1224 et
742 1189 892 1237 pingue
926 1187 1129 1236 butyrum.
1185 1199 1326 1236 spuma
1359 1186 1399 1223 id

223 1262 285 1293 est
312 1256 427 1293 lactis
443 1254 459 1277 3
486 1259 707 1293 concretior
735 1256 960 1306 lentiorque
986 1269 1107 1306 quam
1136 1254 1243 1305 quod
1267 1269 1399 1292 serum

222 1332 408 1369 vocatur3
455 1337 534 1361 non
568 1325 837 1362 omittendum
866 1328 906 1361 in
940 1339 987 1362 eo
1020 1325 1095 1362 olei
1126 1327 1204 1361 iim
1239 1337 1324 1361 esse
1358 1330 1398 1361 et

221 1395 410 1432 barbaros
437 1408 574 1432 omnes
602 1394 857 1444 infantesque
884 1401 1038 1431 nostros
1064 1397 1121 1431 ita
1149 1397 1283 1444 ungui.

137 1469 202 1501 240
271 1464 434 1501 XCVII.
466 1464 572 1501 Laus
595 1477 711 1501 caseo
735 1464 900 1507 Romae,
924 1464 991 1500 ubi
1014 1467 1191 1500 omnium
1217 1466 1398 1513 gentium

220 1534 327 1571 bona
349 1537 568 1571 comminus
594 1533 833 1577 iudicantur,
858 1547 879 1571 e
903 1536 1112 1584 provinciis
1137 1533 1397 1570 Nemausensi

221 1607 450 1654 praecipua,
464 1604 509 1641 e4
523 1604 673 1641 Lesure
688 1604 960 1654 Gabalicoque
972 1606 1085 1654 pagis
1099 1616 1108 1647 ;
1128 1603 1198 1640 sed
1210 1604 1341 1640 brevis
1353 1616 1398 1640 ac

221 1680 380 1711 musteo
394 1680 556 1711 tantum
571 1673 879 1711 commendatio.
934 1673 1089 1710 duobus
1105 1673 1228 1722 Alpes
1244 1675 1398 1723 generi-

221 1744 294 1781 bus
321 1744 469 1793 pabula
495 1757 567 1781 sua
593 1744 840 1793 adprobant:
879 1743 1132 1780 Dalmaticae
1160 1743 1396 1780 Docleatem

136 1819 198 1850 241
220 1816 402 1857 mittunt,
417 1813 681 1851 Centronicae
695 1813 939 1850 Vatusicum.
979 1815 1223 1850 numerosior
1236 1813 1397 1862 Appen-

221 1886 314 1920 nino
328 1897 337 1920 :
367 1883 601 1920 Coebanum
617 1882 679 1920 hic
698 1896 718 1920 e
738 1883 901 1933 Liguria
918 1885 1058 1926 mittit,
1075 1886 1207 1919 ovium
1223 1885 1396 1919 maxime

330 1998 340 2016 ¹
367 1996 585 2028 Hermolaus:
610 2005 728 2027 umore
743 1995 912 2027 fervescit.
1061 1996 1073 2014 ²
1096 1996 1149 2027 v.l.
1164 1994 1293 2027 inutile.

445 2039 458 2058 ³
481 2040 535 2071 υλ.
549 2038 648 2071 laete.
826 2039 840 2058 ⁴
863 2050 880 2070 e
898 2039 972 2071 add.
993 2039 1172 2071 Rackham.

220 2102 286 2150 582
