1482 2312
114 359 171 390 131

113 1193 172 1224 133

113 1579 172 1610 134

396 188 584 226 PLINY:
636 189 899 226 NATURAL
937 189 1171 227 HISTORY

199 290 368 336 calvent‚
383 294 485 329 sicut
505 291 815 329 struthiocameli
839 298 880 329 et
901 295 1004 329 corvi
1026 295 1212 342 aquatici,
1229 293 1367 342 quibus

199 355 303 405 apud
343 355 513 392 Graecos
545 369 689 393 nomen
723 356 843 405 inde).
911 355 1125 393 defluvium
1160 368 1297 392 eorum
1331 358 1369 392 in

199 419 361 456 muliere
383 433 527 463 rarum,
547 422 587 456 in
607 420 845 470 spadonibus
867 433 944 456 non
965 422 1104 463 visum,
1129 433 1201 457 nec
1227 422 1266 456 in
1291 419 1368 456 ullo

201 489 294 520 ante
327 486 479 520 veneris
510 497 637 527 usum,
668 497 740 520 nec
775 483 876 520 infra
916 484 1123 520 cerebrum
1162 490 1231 520 aut
1269 483 1371 520 infra

202 549 391 584 verticem
412 554 481 584 aut
504 550 607 584 circa
634 554 815 598 tempora
842 554 963 598 atque
990 561 1115 584 aures.
1170 547 1369 584 calvitium

203 613 268 647 uni
286 617 445 647 tantum
463 611 691 648 animalium
707 611 855 648 homini
871 618 1152 662 praeterquam
1168 614 1348 648 innatum
1362 624 1370 655 ;

203 677 368 712 canities
391 675 539 712 homini
563 681 722 712 tantum
746 682 786 712 et
812 689 927 726 equo,
950 676 1020 712 sed
1042 675 1188 712 homini
1216 688 1371 726 semper

206 753 228 775 a
247 742 376 789 priore
397 745 513 789 parte
534 742 690 789 capitis,
710 746 797 777 tum
819 740 963 777 deinde
985 740 1035 776 ab
1056 753 1205 777 aversa.

251 803 438 840 XLVIII.
470 804 648 841 vertices
679 805 759 840 bini
798 804 1003 841 hominum
1028 810 1189 841 tantum
1217 804 1368 854 aliquis.

197 870 338 917 capitis
375 882 461 905 ossa
501 868 636 918 plana,
671 871 824 912 tenuia,
860 871 943 905 sine
979 868 1176 912 medullis,
1211 872 1370 906 serratis

199 935 434 982 pectinatim
460 939 612 969 structa
638 934 892 984 conpagibus.
948 932 1148 983 perfracta
1173 946 1251 970 non
1277 946 1370 983 que-

200 1002 272 1033 unt
296 996 466 1040 solidari,
491 997 561 1034 sed
585 1003 755 1047 excepta
779 997 932 1034 modice
957 1011 1035 1034 non
1059 1003 1151 1034 sunt
1174 997 1309 1034 letalia
1331 999 1369 1033 in

199 1063 324 1097 vicem
339 1074 475 1097 eorum
490 1061 728 1098 succedente
743 1075 930 1111 corporea
943 1064 1137 1098 cicatrice.
1193 1061 1370 1098 infirmis-

201 1127 298 1161 sima
319 1138 403 1162 esse
425 1128 536 1170 ursis,
557 1125 763 1162 durissima
782 1128 975 1176 psittacis,
995 1139 1064 1162 suo
1084 1126 1254 1163 diximus
1273 1125 1367 1163 loco.

249 1189 392 1225 XLIX.
427 1189 643 1226 Cerebrum
684 1193 814 1226 omnia
854 1189 1005 1227 habent
1045 1189 1228 1226 animalia
1267 1203 1368 1240 quae

199 1256 446 1304 sanguinem,
471 1256 593 1290 etiam
618 1257 656 1290 in
682 1257 777 1290 mari
805 1268 906 1304 quae
931 1253 1063 1291 mollia
1087 1253 1369 1304 appellavimus

198 1320 375 1367 quamvis
413 1324 574 1355 careant
611 1321 817 1367 sanguine,
856 1325 900 1355 ut
937 1318 1115 1369 polffims.
1155 1319 1224 1355 sed
1252 1318 1369 1355 homo

199 1384 379 1431 portione
404 1385 620 1419 maximum
645 1389 685 1420 et
710 1383 997 1420 umidissimum
1020 1386 1276 1432 omniumque
1299 1385 1368 1419 vis-

199 1459 333 1483 cerum
357 1446 666 1496 frigidissimum,
690 1447 843 1484 duabus
867 1461 985 1497 supra
1008 1448 1225 1497 subterque
1249 1460 1368 1484 mem-

199 1510 329 1547 branis
344 1510 534 1555 velatum,
549 1525 716 1561 quarum
731 1511 966 1548 alterutram
980 1514 1106 1561 rumpi
1123 1511 1369 1548 mortiferum

198 1581 270 1611 est.
324 1581 459 1612 cetero
503 1578 571 1612 viri
617 1589 735 1626 quam
780 1575 953 1613 feminae
997 1579 1134 1613 maius.
1189 1576 1369 1613 omnibus

199 1637 421 1676 hominibus
438 1639 451 1662 1
471 1639 544 1677 hoc
563 1642 646 1677 sine
665 1643 873 1691 sanguine,
893 1643 975 1677 sine
996 1643 1118 1684 venis,
1139 1646 1179 1677 et
1199 1640 1338 1690 aliquis
1355 1639 1369 1662 ²

199 1705 281 1740 sine
321 1706 468 1754 pingui.
539 1704 645 1741 aliud
684 1717 769 1741 esse
810 1718 929 1755 quam
968 1704 1182 1741 medullam
1225 1704 1368 1742 eruditi

330 1822 340 1840 1
448 1834 454 1840 ⁴
548 1836 554 1842 .
671 1824 675 1829 .
919 1824 925 1830 .
956 1824 962 1830 .

327 1866 338 1883 '2
364 1823 532 1896 ξῆῗέἷξῇᾞ
548 1823 1041 1904 .(ιῖῗὲαζῑῖἓῗίᾖῖἒεῗεοὲἓζὲἕξῗὲ
1067 1865 1212 1906 reliquis.

264 2006 268 2016 ¹
292 2002 587 2041 φαλακροκόρακες,
606 2012 620 2030 6
641 2025 646 2031 .
665 2000 709 2031 Χ.
728 2002 798 2032 133.
929 2003 941 2021 ⁶
967 2002 1061 2032 VIII.
1082 2002 1153 2038 130,
1172 2001 1215 2032 X.
1235 2003 1305 2033 117.

408 2048 419 2061 ⁶
441 2043 504 2074 IX.
519 2044 570 2075 83.
807 2043 820 2061 '¹
842 2044 903 2075 I.e.
923 2043 982 2075 the
999 2048 1152 2084 octopus.

199 2116 266 2153 514
