1482 2368
125 500 164 530 14

125 929 163 960 15

127 1359 165 1390 16

389 144 555 183 PLINY
570 158 578 183 ε
629 144 893 182 NATURAL
929 144 1167 182 HISTORY

189 249 429 300 pernicialia,
461 262 533 286 nec
563 251 655 298 quia
685 248 788 285 desit
819 248 892 285 illis
923 250 1066 284 amoris
1097 251 1165 292 vis,
1197 261 1368 298 namque

190 311 360 348 traditur
387 324 486 347 unus
515 323 667 347 amasse
697 309 896 359 quandam
924 312 963 345 in
991 311 1180 360 Aegypto
1207 309 1368 347 corallas

190 372 431 409 vendentem
468 385 513 408 ac
551 372 617 420 (ne
655 374 741 421 quis
780 371 992 421 volgariter
1028 371 1197 407 electam
1235 372 1368 421 putet)

190 437 286 470 mire
302 439 458 484 gratam
474 431 730 482 Aristophani
745 432 1003 469 celeberrimo
1019 434 1058 468 in
1074 438 1159 469 arte
1174 446 1370 483 gramma-

192 498 285 539 tica,
337 495 433 531 alius
487 494 755 531 Menandrum
807 493 1097 544 Syracusanum
1148 496 1370 544 incipientis

189 559 374 593 iuventae
391 558 431 592 in
451 558 629 592 exercitu
650 554 884 598 Ptolomaei,
901 554 1141 591 desiderium
1162 557 1260 599 eius,
1276 568 1370 605 quo-

191 620 293 654 tiens
315 631 393 654 non
416 616 582 660 videret,
604 616 736 653 inedia
758 622 944 653 testatus,
1001 622 1043 653 et
1065 619 1370 666 unguentariam

191 679 391 729 quandam
407 678 592 715 dilectam
611 678 709 714 Iuba
724 677 860 714 tradit.
910 680 1085 714 omnium
1103 680 1244 714 amoris
1260 677 1370 715 fuere

191 745 428 790 argumenta
463 739 653 790 gaudium
691 739 741 775 ad
778 744 1035 788 conspectum
1072 738 1370 790 blanditiaeque

190 802 429 845 inconditae,
449 803 652 850 stipesque
676 814 772 850 quas
795 800 962 850 populus
989 800 1165 837 dedisset
1191 807 1370 838 servatae

191 869 233 900 et
252 865 292 899 in
311 865 439 899 sinum
460 861 618 899 effusae.
670 874 743 898 nec
762 864 905 898 mirum
927 875 1012 898 esse
1034 875 1209 898 amorem
1229 863 1370 912 quibus

194 927 245 961 sit
259 926 460 961 memoria.
514 923 620 960 idem
635 936 807 973 namque
823 923 946 959 tradit
962 926 1142 973 agnitum
1156 926 1196 959 in
1210 930 1372 961 senecta

190 985 335 1022 multos
353 991 443 1035 post
461 998 583 1021 annos
601 987 667 1034 qui
686 991 815 1021 rector
833 987 872 1021 in
890 987 1055 1021 iuventa
1072 984 1233 1028 fuisset3
1264 985 1370 1022 idem

190 1047 474 1084 divinationem
508 1046 708 1096 quandam
742 1048 932 1091 iustitiae,
966 1059 1056 1082 cum
1090 1046 1266 1084 Bocchus
1301 1060 1370 1084 rex

190 1110 354 1158 triginta
370 1106 592 1157 elephantis
611 1107 781 1144 totidem
801 1109 840 1144 in
857 1120 952 1157 quos
973 1109 1123 1144 saevire
1143 1110 1371 1145 instituerat

188 1170 388 1220 stipitibus
424 1169 618 1220 adligatos
654 1169 877 1213 obiecisset,
912 1170 1232 1219 procursantibus
1267 1172 1372 1207 inter

191 1245 258 1268 eos
274 1234 339 1281 qui
356 1231 609 1275 lacesserent,
625 1243 698 1267 nec
712 1229 727 1253 ¹
757 1233 932 1280 potuisse
950 1231 1049 1267 effici
1065 1236 1110 1267 ut
1125 1231 1370 1269 crudelitatis

191 1293 342 1330 alienae
365 1294 582 1329 ministerio
605 1291 878 1342 fungerentur.

242 1354 309 1390 VI.
340 1353 584 1404 Elephantos
627 1353 743 1390 Italia
776 1356 948 1403 primum
984 1353 1082 1390 vidit
1117 1352 1227 1404 Pyrri
1268 1357 1370 1405 regis

190 1415 294 1452 bello
316 1421 357 1452 et
378 1416 498 1452 boves
522 1414 648 1451 Lucas
671 1414 885 1464 appellavit
906 1417 946 1450 in
970 1414 1140 1451 Lucanis
1164 1418 1244 1452 viso
1267 1429 1370 1452 anno

192 1478 297 1514 urbis
346 1476 578 1521 ccccmxw,2
622 1476 748 1512 Roma
797 1482 933 1513 autem
985 1479 1024 1512 in
1072 1476 1274 1526 triumpho
1318 1490 1340 1512 v
1355 1477 1371 1500 3

192 1541 302 1575 annis
328 1538 378 1575 ad
402 1540 643 1588 superiorem
668 1550 878 1574 numerum
903 1537 1062 1582 additis,
1088 1538 1229 1574 eadem
1253 1538 1371 1588 pluri-

193 1613 275 1637 mos
305 1613 407 1636 anno
435 1612 492 1635 DII
516 1601 678 1636 victoria
701 1599 745 1636 L.
771 1599 926 1636 Metelli
956 1599 1151 1649 pontificis
1181 1601 1220 1636 in
1242 1599 1371 1637 Sicilia

371 1705 383 1724 ¹
408 1705 458 1736 v.l.
475 1714 553 1736 non.
752 1704 764 1723 2
788 1703 973 1735 Raclskam:
1001 1713 1198 1736 ccchxxn.

624 1748 636 1766 ³
661 1746 847 1778 Raclclzam:
875 1756 936 1778 VH.

237 1875 250 1888 ¹¹
274 1866 345 1897 The
360 1866 430 1898 MS.
450 1866 592 1906 reading
609 1865 828 1907 erroneously
844 1866 938 1906 gives
956 1865 1015 1897 the
1033 1865 1113 1897 date
1130 1865 1166 1896 of
1189 1866 1369 1907 Pyrrhus’s

195 1911 352 1942 invasion
369 1919 405 1939 as
423 1917 527 1940 ΛΑΜ).
553 1910 629 1945 472,
648 1910 711 1939 282
730 1918 809 1945 Bc,
827 1909 896 1939 and
920 1919 956 1939 so
981 1909 1007 1939 it
1032 1913 1112 1949 puts
1135 1908 1194 1940 the
1216 1909 1368 1949 triumph

193 1954 229 1984 of
245 1952 412 1983 M'Curius
429 1951 601 1983 Dentatus
623 1952 712 1982 after
728 1951 902 1992 defeating
916 1951 1068 1993 Pyrrhus
1081 1956 1117 1984 at
1131 1952 1367 1983 Beneventum

194 1999 311 2034 (A.U.o.
328 1996 404 2032 479.
422 1995 485 2026 275
503 2000 583 2034 Rc.)
602 2005 704 2026 seven
720 2004 819 2036 years
836 1993 932 2027 later.

200 2068 240 2094 12
