1482 2312
409 147 596 183 PLINY:
646 144 908 182 NATURAL
942 142 1177 180 HISTORY

210 248 322 284 mulsi
347 253 443 296 potu
466 247 573 283 dato.
631 259 761 295 neque
784 246 861 282 alio
884 258 932 282 ex
955 244 1115 280 animali
1138 245 1380 280 numerosior

212 314 379 348 materia
406 324 582 360 ganeae:
625 312 915 359 quinquaginta
941 321 1064 357 prope
1092 320 1265 356 sapores,
1291 320 1378 343 cum

209 378 352 412 ceteris
388 374 543 424 singuli.
599 373 688 410 hinc
724 375 989 410 censoriarum
1026 372 1158 421 legum
1196 373 1381 420 paginae,

213 439 504 488 interdictaque
549 440 656 474 cenis
703 437 929 479 abdomina,
975 435 1150 485 glandia,
1195 433 1381 477 testiculi,

214 503 364 545 vulvae,
388 505 570 551 sincipita
599 504 767 544 verrina‚
791 507 835 537 ut
863 506 1001 536 tamen
1030 499 1144 535 Publi
1173 501 1381 535 mimorum

214 573 356 616 poetae
400 579 498 603 cena
542 571 752 615 postquam
796 567 1029 601 servitutem
1073 568 1239 599 exuerat
1275 562 1381 598 nulla

214 638 458 668 memoretur
485 633 568 666 sine
597 629 823 669 abdomine,
852 630 974 664 etiam
1003 626 1194 664 vocabulo
1221 628 1382 663 suminis

211 694 260 730 ab
281 708 327 731 eo
347 697 528 743 inposito.

144 764 206 794 210
262 758 486 794 LXXVIII.
518 757 707 794 Placuere
755 762 890 793 autem
939 762 979 792 et
1026 755 1098 792 feri
1146 768 1248 791 sues.
1303 756 1382 790 iam

211 821 373 859 Catonis
422 825 593 858 censoris
643 824 843 857 orationes
893 833 1088 869 aprunum
1139 818 1383 868 exprobrant

210 886 368 922 callum.
426 889 464 922 in
497 891 577 922 tres
610 891 748 921 tamen
779 891 914 934 partes
947 884 1069 920 diviso
1101 883 1234 920 media
1263 895 1384 932 pone·

212 950 343 993 batur,
377 950 532 986 lumbus
566 962 738 999 aprunus
773 948 989 998 appellata.
1044 947 1211 984 solidum
1245 959 1383 995 aprum

213 1013 480 1050 Romanorum
511 1017 658 1063 primus
689 1016 727 1049 in
757 1012 883 1062 epulis
912 1012 1095 1061 adposuit
1127 1010 1168 1047 P.
1199 1010 1384 1047 Servilius

212 1077 364 1119 Rullus,
394 1084 509 1127 pater
538 1080 621 1114 eius
652 1077 755 1113 Rulli
785 1079 849 1126 qui
881 1076 1079 1112 Ciceronis
1110 1078 1148 1111 in
1176 1074 1384 1111 consulatu

213 1141 341 1192 legem
372 1144 567 1191 agrariam
598 1141 885 1191 promulgavit:
919 1146 1003 1177 tam
1034 1142 1253 1189 propinqua
1274 1141 1384 1188 origo

216 1219 318 1242 nunc
347 1206 573 1242 cotidianae
604 1209 657 1242 rei
689 1211 772 1247 est;
816 1211 857 1241 et
887 1204 959 1241 hoc
989 1203 1152 1240 annales
1183 1208 1385 1246 notarunt,

214 1269 353 1306 horum
392 1271 542 1307 scilicet
582 1269 631 1306 ad
673 1269 997 1306 emendationem
1036 1281 1204 1312 morum,
1244 1267 1385 1317 quibus

214 1347 292 1370 non
314 1340 402 1371 tota
425 1334 586 1384 quidem
609 1347 708 1370 cena
730 1333 801 1370 sed
823 1336 861 1369 in
884 1335 1076 1382 principio
1097 1332 1178 1368 bini
1201 1333 1385 1381 ternique

214 1401 363 1445 pariter
380 1399 624 1435 manduntur
642 1400 738 1447 apri.

129 1466 187 1497 211
263 1461 419 1498 Vivaria
455 1476 589 1499 eorum
625 1467 931 1511 ceterarumque
966 1461 1203 1497 silvestrium
1238 1462 1386 1509 primus

212 1529 339 1576 togati
382 1530 539 1576 generis
584 1529 732 1562 invenit
775 1525 933 1562 Fulvius
975 1524 1188 1574 Lippinus:
1243 1523 1303 1560 isl
1346 1526 1385 1559 in

213 1589 485 1639 Tarquiniensi
522 1590 625 1627 feras
658 1603 820 1639 pascere
854 1591 1049 1632 instituit;
1098 1602 1169 1625 nec
1202 1588 1270 1624 diu
1303 1590 1386 1624 imi-

215 1659 366 1690 tatores
386 1654 550 1691 defuere
572 1654 615 1691 L.
638 1653 825 1690 Lucullus
845 1659 885 1690 et
906 1653 953 1699 Q.
976 1653 1224 1690 Hortensius.

129 1722 190 1752 212
262 1717 359 1755 Sues
383 1718 491 1754 ferae
514 1718 637 1755 semel
659 1731 763 1754 anno
784 1720 967 1768 gignunt.
1024 1717 1196 1753 maribus
1219 1719 1257 1752 in
1279 1719 1386 1753 coitu

212 1781 380 1831 plurima
401 1785 617 1831 asperitas;
647 1788 742 1819 tunc
759 1785 864 1818 inter
882 1795 924 1818 se
942 1781 1135 1818 dimicant
1156 1780 1386 1817 indurantes

629 1880 639 1898 ¹
662 1880 690 1910 is
705 1879 805 1910 adet?
823 1878 983 1919 Mayhoff.

472 1985 488 2001 ⁶
513 1982 573 2012 184
592 1990 655 2013 Bc.
963 1980 975 2000 ⁶
998 1981 1038 2012 63
1059 1989 1122 2012 Bc.

218 2045 284 2088 146
