1482 2312
171 239 232 271 173

172 609 234 640 174

175 1474 236 1504 176

196 1784 212 1813 *1

218 1784 234 1813 κ]

453 129 618 167 PLINY
633 143 641 167 z
691 130 953 167 NATURAL
988 129 1222 168 HISTORY

308 233 512 270 LXXXII.
543 232 774 269 Coclearum
832 234 978 269 vivaria
1034 235 1208 270 instituit
1266 233 1423 272 Fulvius

258 295 447 345 Lippinus
479 297 519 330 in
550 294 824 344 Tarquiniensi
856 293 974 343 paulo
1006 299 1101 331 ante
1131 293 1245 332 civile
1275 295 1424 332 bellum

255 356 360 407 quod
393 369 482 393 cum
517 355 706 405 Pompeio
742 355 892 405 Magno
926 361 1085 405 gestum
1120 361 1194 400 est,
1228 356 1424 394 distinctis

255 418 417 469 quidem
440 417 651 467 generibus
676 430 825 460 earum,
848 419 1063 466 separatim
1086 423 1131 454 ut
1155 424 1287 455 essent
1310 418 1425 456 albae

256 493 357 530 quae
381 483 419 515 in
444 479 613 516 Reatino
636 492 731 528 agro
754 484 983 522 nascuntur,
1006 482 1220 528 separatim
1244 479 1425 530 Illyricae

256 542 398 592 quibus
452 540 685 591 magnitudo
738 543 965 589 praecipua,
1018 539 1230 578 Africanae
1284 542 1425 591 quibus

257 603 494 645 fecunditas,
545 601 746 639 Solitanae
797 602 938 652 quibus
989 602 1184 639 nobilitas.
1240 606 1334 653 quin
1384 609 1426 641 et

255 668 433 714 saginam
455 677 591 701 earum
610 670 858 700 commentus
881 669 939 700 est
961 677 1056 713 sapa
1077 670 1117 701 et
1137 663 1241 701 farre
1261 665 1426 716 aliisque

256 727 481 777 generibus,
518 732 562 763 ut
597 725 754 762 cocleae
791 739 949 775 quoque
986 725 1115 762 altiles
1150 739 1320 776 ganeam
1356 730 1426 764 im-

255 789 433 839 plerent:
475 791 583 824 cuius
612 790 706 824 artis
733 787 899 836 gloriam
927 790 967 823 in
994 800 1082 824 eam
1110 788 1426 838 magnitudinem

255 850 489 900 perductam
541 863 626 886 esse
674 848 749 885 ut1
799 861 894 886 Lxxx
945 849 1186 898 quadrantes
1236 857 1426 900 caperent

256 912 499 961 singularum
518 911 673 961 calyces
693 916 831 947 auctor
851 916 911 947 est
933 911 990 947 M.
1010 910 1145 948 Varro.

310 973 536 1009 LXXXIII.
567 972 735 1009 Piscium
780 985 929 1022 genera
973 975 1193 1010 etiamnum
1236 987 1259 1010 a
1301 973 1426 1012 Theo—

258 1035 420 1085 phrasto
443 1037 541 1071 mira
562 1034 798 1084 produntur,
819 1037 921 1070 circa
943 1034 1158 1084 Babylonis
1178 1037 1292 1085 rigua
1312 1036 1427 1074 dece·

256 1097 442 1134 dentibus
499 1096 623 1132 fluviis
680 1098 719 1131 in
774 1098 950 1132 cavernis
1007 1109 1131 1146 aquas
1187 1096 1427 1135 habentibus

258 1172 462 1196 remanere
495 1157 700 1208 quosdam,
732 1157 824 1195 inde
857 1160 965 1194 exire
997 1158 1048 1194 ad
1080 1158 1226 1207 pabula
1257 1159 1427 1209 pinnulis

257 1220 484 1272 gradientes
508 1220 645 1256 crebro
668 1219 820 1256 caudae
844 1226 969 1263 motu,
993 1226 1211 1270 contraque
1235 1228 1427 1259 venantes

257 1282 440 1331 refugere
469 1285 508 1318 in
536 1295 625 1318 suas
653 1294 840 1318 cavernas
870 1287 911 1318 et
939 1284 978 1317 in
1007 1280 1065 1318 his
1095 1282 1279 1320 obversos
1307 1289 1426 1328 stare,

255 1347 388 1393 capita
421 1357 556 1381 eorum
587 1356 672 1380 esse
704 1356 826 1380 ranae
858 1346 1034 1380 marinae
1068 1343 1223 1388 similia,
1256 1345 1426 1395 reliquas

256 1412 389 1456 partes
435 1406 664 1456 gobionum‚
710 1403 916 1442 branchias
962 1410 1007 1442 ut
1052 1408 1196 1442 ceteris
1241 1407 1424 1456 piscibus.

257 1471 358 1505 circa
376 1467 613 1504 Heracleam
630 1473 670 1504 et
688 1466 899 1503 Cromnam
916 1472 956 1503 et
973 1466 1232 1504 multifariam
1245 1470 1284 1504 in
1299 1467 1426 1506 Ponto

257 1543 377 1566 unum
412 1543 537 1579 genus
572 1542 657 1565 esse
691 1528 797 1579 quod
831 1534 1031 1565 extremas
1065 1528 1271 1566 fluminum
1304 1543 1426 1580 aquas

257 1597 433 1628 sectetur
452 1604 720 1641 cavernasque
741 1590 814 1627 sibi
834 1590 955 1627 faciat
976 1593 1015 1626 in
1036 1596 1143 1628 terra
1164 1597 1287 1642 atque
1307 1595 1347 1628 in
1367 1591 1426 1630 his

259 1656 377 1696 vivat,
403 1656 524 1690 etiam
550 1655 755 1702 reciprocis
781 1653 961 1689 amnibus
986 1655 1132 1689 siccato
1155 1652 1284 1697 litore,
1310 1653 1423 1692 effodi

257 1728 352 1765 ergo
375 1721 485 1751 motu
509 1714 670 1751 demum
692 1727 898 1763 corporum
923 1717 1052 1751 vivere
1075 1727 1142 1751 eos
1164 1714 1423 1764 adprobante.

259 1780 360 1813 circa
388 1776 557 1814 eandem
582 1776 817 1812 Heracleam
850 1775 1103 1827 [eodemque]
1125 1774 1140 1798 ²
1172 1775 1279 1826 Lyco
1309 1790 1426 1815 amne

358 1871 369 1890 1
394 1869 582 1901 Rackham:
609 1869 773 1910 perducta
789 1869 843 1900 sit.
993 1870 1004 1888 ²
1027 1869 1159 1901 seclusit
1176 1869 1337 1910 Mayhoff.

264 1942 559 1950 a-—rk———*
570 1944 590 1945 W
599 1943 615 1945 a>
627 1943 651 1945 ἠ

321 1993 334 2007 ⁶
359 1990 475 2030 Begun
489 1989 523 2020 in
537 1989 578 2020 49
594 1997 658 2020 B.c.
841 1988 853 2008 ⁶
875 1988 945 2020 The
957 1999 1061 2029 genus
1073 1988 1358 2030 periophthalmus.

255 2051 324 2087 280
