1482 2312
182 645 241 678 115

185 1415 245 1445 116

459 154 623 192 PLINY
639 168 647 192 :
697 153 960 191 NATURAL
995 153 1230 192 HISTORY

261 257 397 294 collisu
446 259 530 306 ipso
579 259 908 306 margaritarum3
970 258 1216 306 cupiuntque
1264 259 1342 292 iam
1391 262 1432 293 et

262 334 472 370 pauperes,
494 320 676 357 lictorem
699 320 872 357 feminae
895 322 935 355 in
957 320 1115 369 publico
1137 322 1323 356 unionem
1348 332 1433 356 esse

261 385 506 422 dictitantes.
580 387 674 434 quin
729 389 771 420 et
824 383 1006 433 pedibus,
1060 396 1133 420 nec
1186 383 1435 432 crepidarum

262 455 422 486 tantum
443 448 682 498 obstragulis
703 454 764 484 set
784 450 880 484 totis
901 447 1064 484 socculis
1084 447 1248 484 addunt.
1304 459 1435 497 neque

264 515 369 549 enim
405 519 565 562 gestare
601 515 679 548 iam
716 514 952 561 margaritas
988 514 1058 548 nisi
1095 511 1250 548 calcent
1285 524 1331 547 ac
1365 523 1436 560 per

264 579 428 613 uniones
451 579 573 613 etiam
596 575 817 619 ambulent,
839 578 934 612 satis
958 581 1030 612 est.

318 640 364 676 In
380 646 515 676 nostro
531 642 628 676 mari
645 642 809 689 reperiri
825 639 1023 683 solebant,
1038 639 1212 676 crebrius
1227 641 1330 676 circa
1345 638 1436 676 Bos-

264 718 403 753 porum
424 703 651 747 Thracium,
672 703 744 740 rufi
767 717 812 740 ac
834 706 943 752 parvi
966 706 1005 739 in
1026 702 1184 740 conchis
1207 716 1304 753 quas
1325 716 1436 753 myas

265 768 481 817 appellant.
537 774 579 804 at
620 770 659 803 in
702 768 925 804 Acarnania
967 780 1069 817 quae
1110 773 1274 804 vocatur
1312 765 1436 816 pinal

264 835 416 883 gignit3
460 845 538 882 quo
568 837 735 881 apparet
765 844 844 868 non
879 830 949 867 in2
980 844 1058 868 uno
1087 830 1261 868 conchae
1289 843 1438 881 genere

265 898 386 940 nasci,
407 909 581 946 namque
604 901 646 932 et
670 895 769 932 Iuba
790 895 916 932 tradit
939 895 1118 932 Arabicis
1140 893 1330 932 concham
1353 907 1438 932 esse

265 959 432 997 similem
463 962 611 1010 pectini
643 962 809 1003 insecto,
834 959 1027 996 hirsutam
1053 958 1283 996 echinorum
1308 958 1437 1002 modo,

266 1027 394 1073 ipsum
423 1027 610 1060 unionem
631 1026 671 1060 in
691 1037 810 1060 carne
831 1023 1014 1073 grandini
1038 1023 1230 1066 similem3
1265 1022 1438 1060 conchae

266 1101 344 1125 non
361 1088 463 1125 tales
482 1088 533 1125 ad
550 1101 620 1125 nos
639 1087 869 1124 afferuntur.
925 1101 998 1124 nec
1016 1090 1056 1124 in
1069 1088 1294 1124 Acarnania
1312 1093 1407 1124 ante
1423 1085 1438 1108 ³

266 1152 415 1189 laudati
466 1155 732 1201 reperiuntur,
782 1165 963 1188 enormes
1014 1157 1054 1188 et
1105 1150 1188 1188 fere
1206 1150 1222 1173 ‘¹
1270 1151 1409 1188 coloris
1425 1150 1440 1173 5

267 1219 488 1253 marmorei.
544 1216 725 1253 meliores
752 1219 854 1252 circa
882 1216 1057 1259 Actium,
1085 1215 1156 1252 sed
1183 1221 1224 1252 et
1251 1214 1288 1251 hi
1316 1218 1439 1264 parvi,

267 1287 308 1318 et
330 1284 369 1317 in
394 1281 673 1317 Mauretaniae
695 1283 914 1316 maritimis.
971 1279 1201 1316 Alexander
1221 1278 1440 1329 polyhistor

267 1351 307 1382 et
323 1344 490 1382 Sudines
506 1357 712 1381 senescere
735 1357 800 1381 eos
821 1350 965 1393 putant
979 1343 1232 1393 coloremque
1246 1346 1438 1392 expirare.

321 1409 446 1446 LVII.
489 1409 663 1445 Firmum
679 1408 694 1431 ⁶
741 1422 881 1457 corpus
930 1421 1015 1444 esse
1063 1407 1319 1444 manifestum
1366 1413 1439 1451 est,

267 1474 374 1524 quod
396 1473 502 1510 nullo
523 1473 635 1522 lapsu
657 1472 908 1522 franguntur.
965 1485 1042 1508 non
1064 1478 1201 1508 autem
1223 1484 1381 1520 semper
1401 1474 1439 1507 in

268 1538 399 1574 media
428 1550 546 1574 carne
577 1540 829 1586 reperiuntur
857 1536 928 1573 sed
956 1536 1040 1572 aliis
1069 1541 1192 1585 atque
1221 1535 1306 1572 aliis
1334 1535 1441 1580 locis,

268 1602 516 1652 vidimusque
539 1604 619 1637 iam
642 1604 681 1637 in
705 1603 894 1638 extremis
919 1603 1041 1637 etiam
1065 1600 1309 1650 marginibus
1332 1599 1441 1636 velut

269 1680 291 1704 e
314 1665 462 1703 concha
489 1671 698 1709 exeuntes,
723 1671 764 1702 et
789 1668 828 1701 in
854 1664 1093 1715 quibusdam
1119 1670 1333 1714 quaternos
1358 1666 1441 1714 qui-

270 1743 431 1780 nosque.
500 1730 653 1779 pondus
707 1729 758 1766 ad
802 1728 875 1765 hoc
922 1731 1007 1765 aevi
1054 1730 1281 1765 semunciae
1326 1730 1439 1778 pauci

568 1808 578 1826 ¹
602 1807 723 1847 Silliq:
749 1807 864 1847 pinna.

566 1851 577 1868 2
600 1850 634 1880 in
651 1849 725 1880 add.
742 1849 919 1880 Rackham.

566 1893 579 1911 ³
601 1896 681 1923 ante
697 1892 766 1923 edd.
783 1904 790 1923 :
815 1896 943 1923 autem.

568 1936 579 1953 ⁴
603 1935 671 1966 fere
687 1935 756 1965 edd.
773 1946 780 1965 :
805 1934 878 1965 feri.

566 1978 578 1996 ὃ
601 1977 746 2009 coloris?
764 1977 911 2008 Brotier:
936 1976 1134 2018 colorisque.

568 2021 580 2039 θ
604 2019 759 2061 Mayhoff
769 2031 777 2052 :
801 2029 930 2051 eorum.

268 2078 337 2113 240
