<?xml version="1.0" encoding="UTF-8"?>
<!DOCTYPE html PUBLIC "-//W3C//DTD XHTML 1.0 Transitional//EN"
    "http://www.w3.org/TR/xhtml1/DTD/xhtml1-transitional.dtd">
<html xmlns="http://www.w3.org/1999/xhtml" xml:lang="en" lang="en">
 <head>
  <title>
</title>
<meta http-equiv="Content-Type" content="text/html;charset=utf-8" />
  <meta name='ocr-system' content='tesseract 3.04.00' />
  <meta name='ocr-capabilities' content='ocr_page ocr_carea ocr_par ocr_line ocrx_word'/>
</head>
<body>
  <div class='ocr_page' id='page_1' title='image "./naturalhistory03plinuoft/naturalhistory03plinuoft_0344.png"; bbox 0 0 1482 2312; ppageno 0'>
   <div class='ocr_carea' id='block_1_1' title="bbox 165 443 206 473">
    <p class='ocr_par' dir='ltr' id='par_1_1' title="bbox 165 443 206 473">
     <span class='ocr_line' id='line_1_1' title="bbox 165 443 206 473; baseline -0.024 0"><span class='ocrx_word' id='word_1_1' title='bbox 165 443 206 473; x_wconf 78' lang='lat'><strong>56</strong></span> 
     </span>
    </p>
   </div>
   <div class='ocr_carea' id='block_1_2' title="bbox 159 1303 201 1333">
    <p class='ocr_par' dir='ltr' id='par_1_2' title="bbox 159 1303 201 1333">
     <span class='ocr_line' id='line_1_2' title="bbox 159 1303 201 1333; baseline 0 0"><span class='ocrx_word' id='word_1_2' title='bbox 159 1303 201 1333; x_wconf 83' lang='lat'><strong>58</strong></span> 
     </span>
    </p>
   </div>
   <div class='ocr_carea' id='block_1_3' title="bbox 160 1671 201 1700">
    <p class='ocr_par' dir='ltr' id='par_1_3' title="bbox 160 1671 201 1700">
     <span class='ocr_line' id='line_1_3' title="bbox 160 1671 201 1700; baseline 0 0"><span class='ocrx_word' id='word_1_3' title='bbox 160 1671 201 1700; x_wconf 78' lang='lat'><strong>59</strong></span> 
     </span>
    </p>
   </div>
   <div class='ocr_carea' id='block_1_4' title="bbox 425 150 1195 189">
    <p class='ocr_par' dir='ltr' id='par_1_4' title="bbox 425 150 1195 189">
     <span class='ocr_line' id='line_1_4' title="bbox 425 150 1195 189; baseline 0 -1"><span class='ocrx_word' id='word_1_4' title='bbox 425 150 590 188; x_wconf 89' lang='lat' dir='ltr'>PLINY</span> <span class='ocrx_word' id='word_1_5' title='bbox 605 165 613 188; x_wconf 92' lang='lat'>:</span> <span class='ocrx_word' id='word_1_6' title='bbox 665 151 927 189; x_wconf 88' lang='lat' dir='ltr'>NATURAL</span> <span class='ocrx_word' id='word_1_7' title='bbox 964 150 1195 189; x_wconf 89' lang='lat' dir='ltr'>HISTORY</span> 
     </span>
    </p>
   </div>
   <div class='ocr_carea' id='block_1_5' title="bbox 226 252 1400 1839">
    <p class='ocr_par' dir='ltr' id='par_1_5' title="bbox 227 252 1396 426">
     <span class='ocr_line' id='line_1_5' title="bbox 228 252 1394 304; baseline 0.001 -15"><span class='ocrx_word' id='word_1_8' title='bbox 228 255 411 290; x_wconf 88' lang='lat' dir='ltr'><strong>cinnamo</strong></span> <span class='ocrx_word' id='word_1_9' title='bbox 426 255 515 290; x_wconf 91' lang='lat' dir='ltr'><strong>nive</strong></span> <span class='ocrx_word' id='word_1_10' title='bbox 531 252 657 290; x_wconf 90' lang='lat' dir='ltr'><strong>multa</strong></span> <span class='ocrx_word' id='word_1_11' title='bbox 673 253 858 290; x_wconf 88' lang='lat' dir='ltr'><strong>obrutum</strong></span> <span class='ocrx_word' id='word_1_12' title='bbox 874 266 919 290; x_wconf 88' lang='lat' dir='ltr'><strong>ac</strong></span> <span class='ocrx_word' id='word_1_13' title='bbox 933 255 1062 304; x_wconf 89' lang='lat' dir='ltr'><strong>rigore</strong></span> <span class='ocrx_word' id='word_1_14' title='bbox 1077 253 1209 304; x_wconf 89' lang='lat' dir='ltr'><strong>gelido</strong></span> <span class='ocrx_word' id='word_1_15' title='bbox 1224 266 1394 291; x_wconf 87' lang='lat' dir='ltr'><strong>macera-</strong></span> 
     </span>
     <span class='ocr_line' id='line_1_6' title="bbox 230 314 1396 365; baseline 0.002 -15"><span class='ocrx_word' id='word_1_16' title='bbox 230 320 315 351; x_wconf 86' lang='lat' dir='ltr'><strong>tum</strong></span> <span class='ocrx_word' id='word_1_17' title='bbox 343 314 393 351; x_wconf 94' lang='lat' dir='ltr'><strong>ad</strong></span> <span class='ocrx_word' id='word_1_18' title='bbox 420 327 533 350; x_wconf 83' lang='lat' dir='ltr'><strong>usum</strong></span> <span class='ocrx_word' id='word_1_19' title='bbox 559 314 749 364; x_wconf 87' lang='lat' dir='ltr'><strong>praeclari</strong></span> <span class='ocrx_word' id='word_1_20' title='bbox 774 315 1044 352; x_wconf 74' lang='lat' dir='ltr'>medicaminis</span> <span class='ocrx_word' id='word_1_21' title='bbox 1071 315 1175 365; x_wconf 92' lang='lat' dir='ltr'><strong>quod</strong></span> <span class='ocrx_word' id='word_1_22' title='bbox 1203 316 1252 352; x_wconf 90' lang='lat' dir='ltr'><strong>ab</strong></span> <span class='ocrx_word' id='word_1_23' title='bbox 1274 321 1396 365; x_wconf 86' lang='lat' dir='ltr'><strong>gente</strong></span> 
     </span>
     <span class='ocr_line' id='line_1_7' title="bbox 227 375 716 426; baseline 0.002 -15"><span class='ocrx_word' id='word_1_24' title='bbox 227 375 370 412; x_wconf 87' lang='lat' dir='ltr'><strong>dicitur</strong></span> <span class='ocrx_word' id='word_1_25' title='bbox 392 375 716 426; x_wconf 87' lang='lat' dir='ltr'><strong>Commagenum.</strong></span> 
     </span>
    </p>

    <p class='ocr_par' dir='ltr' id='par_1_6' title="bbox 226 436 1400 1285">
     <span class='ocr_line' id='line_1_8' title="bbox 282 436 1397 487; baseline 0.001 -14"><span class='ocrx_word' id='word_1_26' title='bbox 282 436 430 473; x_wconf 89' lang='lat' dir='ltr'>XXIX.</span> <span class='ocrx_word' id='word_1_27' title='bbox 460 437 671 473; x_wconf 84' lang='lat' dir='ltr'><strong>Anserini1</strong></span> <span class='ocrx_word' id='word_1_28' title='bbox 712 439 869 487; x_wconf 86' lang='lat' dir='ltr'><strong>generis</strong></span> <span class='ocrx_word' id='word_1_29' title='bbox 907 442 999 474; x_wconf 89' lang='lat' dir='ltr'><strong>sunt</strong></span> <span class='ocrx_word' id='word_1_30' title='bbox 1027 436 1311 487; x_wconf 82' lang='lat' dir='ltr'>chenalopeces</span> <span class='ocrx_word' id='word_1_31' title='bbox 1342 443 1397 481; x_wconf 90' lang='lat' dir='ltr'><strong>et,</strong></span> 
     </span>
     <span class='ocr_line' id='line_1_9' title="bbox 230 497 1397 548; baseline 0.001 -14"><span class='ocrx_word' id='word_1_32' title='bbox 230 498 371 547; x_wconf 91' lang='lat' dir='ltr'><strong>quibus</strong></span> <span class='ocrx_word' id='word_1_33' title='bbox 398 497 584 534; x_wconf 77' lang='lat' dir='ltr'>lautiores</span> <span class='ocrx_word' id='word_1_34' title='bbox 611 497 747 548; x_wconf 85' lang='lat' dir='ltr'>epulas</span> <span class='ocrx_word' id='word_1_35' title='bbox 774 511 851 534; x_wconf 92' lang='lat' dir='ltr'><strong>non</strong></span> <span class='ocrx_word' id='word_1_36' title='bbox 878 500 986 535; x_wconf 89' lang='lat' dir='ltr'><strong>novit</strong></span> <span class='ocrx_word' id='word_1_37' title='bbox 1012 497 1230 542; x_wconf 82' lang='lat' dir='ltr'><strong>Britannia,</strong></span> <span class='ocrx_word' id='word_1_38' title='bbox 1255 498 1397 535; x_wconf 89' lang='lat' dir='ltr'><strong>chene-</strong></span> 
     </span>
     <span class='ocr_line' id='line_1_10' title="bbox 230 558 1397 603; baseline 0.001 -8"><span class='ocrx_word' id='word_1_39' title='bbox 230 565 350 603; x_wconf 91' lang='lat' dir='ltr'><strong>rotes,</strong></span> <span class='ocrx_word' id='word_1_40' title='bbox 368 558 451 596; x_wconf 89' lang='lat' dir='ltr'><strong>fere</strong></span> <span class='ocrx_word' id='word_1_41' title='bbox 470 572 608 596; x_wconf 90' lang='lat' dir='ltr'><strong>ansere</strong></span> <span class='ocrx_word' id='word_1_42' title='bbox 637 562 819 596; x_wconf 87' lang='lat' dir='ltr'><strong>minores.</strong></span> <span class='ocrx_word' id='word_1_43' title='bbox 874 560 991 596; x_wconf 89' lang='lat' dir='ltr'><strong>decet</strong></span> <span class='ocrx_word' id='word_1_44' title='bbox 1015 566 1057 596; x_wconf 92' lang='lat' dir='ltr'><strong>et</strong></span> <span class='ocrx_word' id='word_1_45' title='bbox 1079 565 1282 596; x_wconf 81' lang='lat' dir='ltr'><strong>tetraonas</strong></span> <span class='ocrx_word' id='word_1_46' title='bbox 1306 573 1397 597; x_wconf 92' lang='lat' dir='ltr'><strong>suus</strong></span> 
     </span>
     <span class='ocr_line' id='line_1_11' title="bbox 229 620 1395 671; baseline 0.001 -15"><span class='ocrx_word' id='word_1_47' title='bbox 229 622 331 657; x_wconf 85' lang='lat' dir='ltr'><strong>nitor</strong></span> <span class='ocrx_word' id='word_1_48' title='bbox 355 620 615 670; x_wconf 82' lang='lat' dir='ltr'><strong>absolutaque</strong></span> <span class='ocrx_word' id='word_1_49' title='bbox 640 623 813 671; x_wconf 83' lang='lat' dir='ltr'><strong>nigritia,</strong></span> <span class='ocrx_word' id='word_1_50' title='bbox 836 623 876 656; x_wconf 91' lang='lat' dir='ltr'><strong>in</strong></span> <span class='ocrx_word' id='word_1_51' title='bbox 900 621 1115 670; x_wconf 84' lang='lat' dir='ltr'><strong>superciliis</strong></span> <span class='ocrx_word' id='word_1_52' title='bbox 1138 623 1243 657; x_wconf 92' lang='lat' dir='ltr'><strong>cocci</strong></span> <span class='ocrx_word' id='word_1_53' title='bbox 1266 622 1395 658; x_wconf 87' lang='lat' dir='ltr'><strong>rubor.</strong></span> 
     </span>
     <span class='ocr_line' id='line_1_12' title="bbox 229 681 1399 732; baseline 0.001 -14"><span class='ocrx_word' id='word_1_54' title='bbox 229 681 401 718; x_wconf 89' lang='lat' dir='ltr'><strong>alterum</strong></span> <span class='ocrx_word' id='word_1_55' title='bbox 458 695 594 718; x_wconf 88' lang='lat' dir='ltr'><strong>eorum</strong></span> <span class='ocrx_word' id='word_1_56' title='bbox 648 695 773 732; x_wconf 88' lang='lat' dir='ltr'><strong>genus</strong></span> <span class='ocrx_word' id='word_1_57' title='bbox 828 682 1028 718; x_wconf 76' lang='lat' dir='ltr'><strong>vulturum</strong></span> <span class='ocrx_word' id='word_1_58' title='bbox 1081 682 1399 732; x_wconf 80' lang='lat' dir='ltr'><strong>magnitudinem</strong></span> 
     </span>
     <span class='ocr_line' id='line_1_13' title="bbox 229 743 1398 792; baseline 0.001 -13"><span class='ocrx_word' id='word_1_59' title='bbox 229 743 388 780; x_wconf 88' lang='lat' dir='ltr'><strong>excedit</strong></span> <span class='ocrx_word' id='word_1_60' title='bbox 425 757 593 792; x_wconf 89' lang='lat' dir='ltr'><strong>quorum</strong></span> <span class='ocrx_word' id='word_1_61' title='bbox 630 749 671 780; x_wconf 92' lang='lat' dir='ltr'><strong>et</strong></span> <span class='ocrx_word' id='word_1_62' title='bbox 707 743 877 780; x_wconf 92' lang='lat' dir='ltr'><strong>colorem</strong></span> <span class='ocrx_word' id='word_1_63' title='bbox 913 743 1059 788; x_wconf 87' lang='lat' dir='ltr'><strong>reddit,</strong></span> <span class='ocrx_word' id='word_1_64' title='bbox 1095 757 1168 780; x_wconf 89' lang='lat' dir='ltr'><strong>nec</strong></span> <span class='ocrx_word' id='word_1_65' title='bbox 1204 743 1282 780; x_wconf 91' lang='lat' dir='ltr'><strong>ulla</strong></span> <span class='ocrx_word' id='word_1_66' title='bbox 1319 744 1398 781; x_wconf 89' lang='lat' dir='ltr'><strong>ales</strong></span> 
     </span>
     <span class='ocr_line' id='line_1_14' title="bbox 228 804 1398 855; baseline 0.001 -14"><span class='ocrx_word' id='word_1_67' title='bbox 228 810 397 855; x_wconf 88' lang='lat' dir='ltr'><strong>excepto</strong></span> <span class='ocrx_word' id='word_1_68' title='bbox 414 804 723 841; x_wconf 86' lang='lat' dir='ltr'><strong>struthocamelo</strong></span> <span class='ocrx_word' id='word_1_69' title='bbox 739 807 864 841; x_wconf 87' lang='lat' dir='ltr'><strong>maius</strong></span> <span class='ocrx_word' id='word_1_70' title='bbox 877 818 1038 854; x_wconf 91' lang='lat' dir='ltr'><strong>corpore</strong></span> <span class='ocrx_word' id='word_1_71' title='bbox 1052 805 1219 855; x_wconf 89' lang='lat' dir='ltr'><strong>implens</strong></span> <span class='ocrx_word' id='word_1_72' title='bbox 1231 805 1398 855; x_wconf 91' lang='lat' dir='ltr'><strong>pondus,</strong></span> 
     </span>
     <span class='ocr_line' id='line_1_15' title="bbox 227 866 1398 917; baseline 0.001 -15"><span class='ocrx_word' id='word_1_73' title='bbox 227 868 267 902; x_wconf 91' lang='lat' dir='ltr'><strong>in</strong></span> <span class='ocrx_word' id='word_1_74' title='bbox 293 872 451 902; x_wconf 86' lang='lat' dir='ltr'><strong>tantum</strong></span> <span class='ocrx_word' id='word_1_75' title='bbox 479 872 597 902; x_wconf 86' lang='lat' dir='ltr'><strong>aucta</strong></span> <span class='ocrx_word' id='word_1_76' title='bbox 622 872 668 903; x_wconf 92' lang='lat' dir='ltr'><strong>ut</strong></span> <span class='ocrx_word' id='word_1_77' title='bbox 694 868 733 902; x_wconf 90' lang='lat' dir='ltr'><strong>in</strong></span> <span class='ocrx_word' id='word_1_78' title='bbox 760 872 865 902; x_wconf 87' lang='lat' dir='ltr'><strong>terra</strong></span> <span class='ocrx_word' id='word_1_79' title='bbox 894 879 1050 916; x_wconf 90' lang='lat' dir='ltr'><strong>quoque</strong></span> <span class='ocrx_word' id='word_1_80' title='bbox 1078 866 1286 903; x_wconf 87' lang='lat' dir='ltr'><strong>immobilis</strong></span> <span class='ocrx_word' id='word_1_81' title='bbox 1311 880 1398 917; x_wconf 90' lang='lat' dir='ltr'><strong>pre-</strong></span> 
     </span>
     <span class='ocr_line' id='line_1_16' title="bbox 227 926 1398 978; baseline 0.001 -15"><span class='ocrx_word' id='word_1_82' title='bbox 227 926 436 964; x_wconf 89' lang='lat' dir='ltr'><strong>hendatur.</strong></span> <span class='ocrx_word' id='word_1_83' title='bbox 492 930 663 977; x_wconf 87' lang='lat' dir='ltr'><strong>gignunt</strong></span> <span class='ocrx_word' id='word_1_84' title='bbox 711 940 777 964; x_wconf 89' lang='lat' dir='ltr'><strong>eos</strong></span> <span class='ocrx_word' id='word_1_85' title='bbox 823 927 946 977; x_wconf 88' lang='lat' dir='ltr'><strong>Alpes</strong></span> <span class='ocrx_word' id='word_1_86' title='bbox 992 934 1034 964; x_wconf 90' lang='lat' dir='ltr'><strong>et</strong></span> <span class='ocrx_word' id='word_1_87' title='bbox 1079 928 1398 978; x_wconf 86' lang='lat' dir='ltr'><strong>septentrionalis</strong></span> 
     </span>
     <span class='ocr_line' id='line_1_17' title="bbox 227 989 1400 1039; baseline 0.001 -14"><span class='ocrx_word' id='word_1_88' title='bbox 227 991 348 1039; x_wconf 86' lang='lat' dir='ltr'><strong>regio.</strong></span> <span class='ocrx_word' id='word_1_89' title='bbox 403 991 442 1025; x_wconf 91' lang='lat' dir='ltr'><strong>in</strong></span> <span class='ocrx_word' id='word_1_90' title='bbox 496 991 649 1025; x_wconf 86' lang='lat' dir='ltr'><strong>vivariis</strong></span> <span class='ocrx_word' id='word_1_91' title='bbox 704 1002 886 1039; x_wconf 88' lang='lat' dir='ltr'><strong>saporem</strong></span> <span class='ocrx_word' id='word_1_92' title='bbox 939 989 1126 1039; x_wconf 84' lang='lat' dir='ltr'><strong>perdunt,</strong></span> <span class='ocrx_word' id='word_1_93' title='bbox 1179 992 1400 1026; x_wconf 90' lang='lat' dir='ltr'><strong>moriuntur</strong></span> 
     </span>
     <span class='ocr_line' id='line_1_18' title="bbox 227 1053 1399 1101; baseline 0.002 -15"><span class='ocrx_word' id='word_1_94' title='bbox 227 1053 477 1087; x_wconf 87' lang='lat' dir='ltr'><strong>contumacia</strong></span> <span class='ocrx_word' id='word_1_95' title='bbox 523 1053 663 1100; x_wconf 90' lang='lat' dir='ltr'><strong>spiritu</strong></span> <span class='ocrx_word' id='word_1_96' title='bbox 710 1057 905 1087; x_wconf 86' lang='lat' dir='ltr'><strong>revocato.</strong></span> <span class='ocrx_word' id='word_1_97' title='bbox 967 1054 1170 1101; x_wconf 85' lang='lat' dir='ltr'><strong>proximae</strong></span> <span class='ocrx_word' id='word_1_98' title='bbox 1216 1053 1261 1087; x_wconf 89' lang='lat' dir='ltr'><strong>iis</strong></span> <span class='ocrx_word' id='word_1_99' title='bbox 1307 1057 1399 1088; x_wconf 89' lang='lat' dir='ltr'><strong>sunt</strong></span> 
     </span>
     <span class='ocr_line' id='line_1_19' title="bbox 227 1112 1399 1162; baseline 0.002 -14"><span class='ocrx_word' id='word_1_100' title='bbox 227 1124 324 1161; x_wconf 91' lang='lat' dir='ltr'><strong>quas</strong></span> <span class='ocrx_word' id='word_1_101' title='bbox 348 1112 541 1162; x_wconf 86' lang='lat' dir='ltr'><strong>Hispania</strong></span> <span class='ocrx_word' id='word_1_102' title='bbox 564 1125 656 1149; x_wconf 86' lang='lat' dir='ltr'><strong>aves</strong></span> <span class='ocrx_word' id='word_1_103' title='bbox 686 1112 821 1149; x_wconf 86' lang='lat' dir='ltr'><strong>tardas</strong></span> <span class='ocrx_word' id='word_1_104' title='bbox 845 1112 1035 1162; x_wconf 87' lang='lat' dir='ltr'><strong>appellat,</strong></span> <span class='ocrx_word' id='word_1_105' title='bbox 1065 1113 1233 1149; x_wconf 85' lang='lat' dir='ltr'><strong>Graecia</strong></span> <span class='ocrx_word' id='word_1_106' title='bbox 1259 1114 1399 1158; x_wconf 84' lang='grc' dir='ltr'><em>ὠτίδας,</em></span> 
     </span>
     <span class='ocr_line' id='line_1_20' title="bbox 227 1173 1399 1217; baseline 0.002 -7"><span class='ocrx_word' id='word_1_107' title='bbox 227 1173 436 1210; x_wconf 89' lang='lat' dir='ltr'><strong>damnatas</strong></span> <span class='ocrx_word' id='word_1_108' title='bbox 472 1176 511 1209; x_wconf 90' lang='lat' dir='ltr'><strong>in</strong></span> <span class='ocrx_word' id='word_1_109' title='bbox 548 1175 666 1217; x_wconf 82' lang='lat' dir='ltr'><strong>cibis3</strong></span> <span class='ocrx_word' id='word_1_110' title='bbox 718 1177 860 1210; x_wconf 88' lang='lat' dir='ltr'><strong>emissa</strong></span> <span class='ocrx_word' id='word_1_111' title='bbox 897 1176 1001 1210; x_wconf 87' lang='lat' dir='ltr'><strong>enim</strong></span> <span class='ocrx_word' id='word_1_112' title='bbox 1039 1175 1189 1211; x_wconf 87' lang='lat' dir='ltr'><strong>ossibus</strong></span> <span class='ocrx_word' id='word_1_113' title='bbox 1226 1176 1399 1213; x_wconf 87' lang='lat' dir='ltr'><strong>medulla</strong></span> 
     </span>
     <span class='ocr_line' id='line_1_21' title="bbox 226 1234 980 1285; baseline 0.001 -14"><span class='ocrx_word' id='word_1_114' title='bbox 226 1234 355 1272; x_wconf 85' lang='lat' dir='ltr'><strong>odoris</strong></span> <span class='ocrx_word' id='word_1_115' title='bbox 372 1235 550 1272; x_wconf 87' lang='lat' dir='ltr'><strong>taedium</strong></span> <span class='ocrx_word' id='word_1_116' title='bbox 569 1235 772 1285; x_wconf 81' lang='lat' dir='ltr'><strong>extemplo</strong></span> <span class='ocrx_word' id='word_1_117' title='bbox 790 1237 980 1285; x_wconf 78' lang='lat' dir='ltr'><strong>sequitur.</strong></span> 
     </span>
    </p>

    <p class='ocr_par' dir='ltr' id='par_1_7' title="bbox 226 1295 1398 1839">
     <span class='ocr_line' id='line_1_22' title="bbox 278 1295 1398 1347; baseline 0.002 -15"><span class='ocrx_word' id='word_1_118' title='bbox 278 1296 404 1333; x_wconf 88' lang='lat' dir='ltr'>XXX.</span> <span class='ocrx_word' id='word_1_119' title='bbox 436 1296 615 1334; x_wconf 89' lang='lat' dir='ltr'><strong>Indutias</strong></span> <span class='ocrx_word' id='word_1_120' title='bbox 660 1296 783 1333; x_wconf 88' lang='lat' dir='ltr'><strong>habet</strong></span> <span class='ocrx_word' id='word_1_121' title='bbox 825 1310 924 1347; x_wconf 84' lang='lat' dir='ltr'><strong>gens</strong></span> <span class='ocrx_word' id='word_1_122' title='bbox 968 1295 1171 1347; x_wconf 80' lang='lat' dir='ltr'><strong>Pygmaea</strong></span> <span class='ocrx_word' id='word_1_123' title='bbox 1214 1298 1398 1334; x_wconf 87' lang='lat' dir='ltr'><strong>abscessu</strong></span> 
     </span>
     <span class='ocr_line' id='line_1_23' title="bbox 226 1358 1398 1408; baseline 0.001 -14"><span class='ocrx_word' id='word_1_124' title='bbox 226 1371 383 1408; x_wconf 86' lang='lat' dir='ltr'><strong>gruum,</strong></span> <span class='ocrx_word' id='word_1_125' title='bbox 405 1364 449 1394; x_wconf 91' lang='lat' dir='ltr'><strong>ut</strong></span> <span class='ocrx_word' id='word_1_126' title='bbox 471 1358 656 1402; x_wconf 85' lang='lat' dir='ltr'><strong>diximus,</strong></span> <span class='ocrx_word' id='word_1_127' title='bbox 678 1372 767 1394; x_wconf 92' lang='lat' dir='ltr'><strong>cum</strong></span> <span class='ocrx_word' id='word_1_128' title='bbox 788 1360 834 1394; x_wconf 90' lang='lat' dir='ltr'><strong>iis</strong></span> <span class='ocrx_word' id='word_1_129' title='bbox 856 1358 1142 1395; x_wconf 86' lang='lat' dir='ltr'><strong>dimicantium.</strong></span> <span class='ocrx_word' id='word_1_130' title='bbox 1197 1361 1398 1395; x_wconf 90' lang='lat' dir='ltr'><strong>inmensus</strong></span> 
     </span>
     <span class='ocr_line' id='line_1_24' title="bbox 227 1420 1396 1469; baseline 0.001 -14"><span class='ocrx_word' id='word_1_131' title='bbox 227 1425 289 1455; x_wconf 91' lang='lat' dir='ltr'><strong>est</strong></span> <span class='ocrx_word' id='word_1_132' title='bbox 309 1425 460 1456; x_wconf 86' lang='lat' dir='ltr'><strong>tractus</strong></span> <span class='ocrx_word' id='word_1_133' title='bbox 482 1432 560 1469; x_wconf 91' lang='lat' dir='ltr'><strong>quo</strong></span> <span class='ocrx_word' id='word_1_134' title='bbox 581 1422 760 1464; x_wconf 88' lang='lat' dir='ltr'><strong>veniunt,</strong></span> <span class='ocrx_word' id='word_1_135' title='bbox 781 1421 812 1456; x_wconf 92' lang='lat' dir='ltr'><strong>si</strong></span> <span class='ocrx_word' id='word_1_136' title='bbox 834 1422 920 1469; x_wconf 87' lang='lat' dir='ltr'><strong>quis</strong></span> <span class='ocrx_word' id='word_1_137' title='bbox 941 1426 1117 1469; x_wconf 89' lang='lat' dir='ltr'><strong>reputet,</strong></span> <span class='ocrx_word' id='word_1_138' title='bbox 1138 1433 1162 1455; x_wconf 91' lang='lat' dir='ltr'><strong>a</strong></span> <span class='ocrx_word' id='word_1_139' title='bbox 1181 1423 1279 1456; x_wconf 87' lang='lat' dir='ltr'><strong>mari</strong></span> <span class='ocrx_word' id='word_1_140' title='bbox 1300 1420 1396 1457; x_wconf 92' lang='lat' dir='ltr'><strong>Eoo.</strong></span> 
     </span>
     <span class='ocr_line' id='line_1_25' title="bbox 227 1480 1398 1532; baseline 0.002 -16"><span class='ocrx_word' id='word_1_141' title='bbox 227 1480 386 1530; x_wconf 90' lang='lat' dir='ltr'><strong>quando</strong></span> <span class='ocrx_word' id='word_1_142' title='bbox 416 1480 714 1530; x_wconf 88' lang='lat' dir='ltr'><strong>proficiscantur</strong></span> <span class='ocrx_word' id='word_1_143' title='bbox 743 1483 1012 1525; x_wconf 88' lang='lat' dir='ltr'><strong>consentiunt,</strong></span> <span class='ocrx_word' id='word_1_144' title='bbox 1043 1481 1177 1518; x_wconf 85' lang='lat' dir='ltr'><strong>volant</strong></span> <span class='ocrx_word' id='word_1_145' title='bbox 1219 1481 1269 1518; x_wconf 91' lang='lat' dir='ltr'><strong>ad</strong></span> <span class='ocrx_word' id='word_1_146' title='bbox 1310 1495 1398 1532; x_wconf 91' lang='lat' dir='ltr'><strong>pro-</strong></span> 
     </span>
     <span class='ocr_line' id='line_1_26' title="bbox 227 1541 1397 1592; baseline 0 -14"><span class='ocrx_word' id='word_1_147' title='bbox 227 1541 473 1591; x_wconf 91' lang='lat' dir='ltr'><strong>spiciendum</strong></span> <span class='ocrx_word' id='word_1_148' title='bbox 495 1542 589 1585; x_wconf 71' lang='lat' dir='ltr'><strong>alte,</strong></span> <span class='ocrx_word' id='word_1_149' title='bbox 610 1542 752 1578; x_wconf 91' lang='lat' dir='ltr'><strong>ducem</strong></span> <span class='ocrx_word' id='word_1_150' title='bbox 780 1555 898 1591; x_wconf 90' lang='lat' dir='ltr'><strong>quem</strong></span> <span class='ocrx_word' id='word_1_151' title='bbox 927 1548 1145 1592; x_wconf 87' lang='lat' dir='ltr'><strong>sequantur</strong></span> <span class='ocrx_word' id='word_1_152' title='bbox 1172 1542 1339 1592; x_wconf 86' lang='lat' dir='ltr'><strong>eligunt,</strong></span> <span class='ocrx_word' id='word_1_153' title='bbox 1357 1545 1397 1578; x_wconf 93' lang='lat' dir='ltr'><strong>in</strong></span> 
     </span>
     <span class='ocr_line' id='line_1_27' title="bbox 227 1603 1396 1654; baseline 0.001 -15"><span class='ocrx_word' id='word_1_154' title='bbox 227 1609 408 1640; x_wconf 85' lang='lat' dir='ltr'><strong>extremo</strong></span> <span class='ocrx_word' id='word_1_155' title='bbox 433 1605 591 1653; x_wconf 84' lang='lat' dir='ltr'><strong>agmine</strong></span> <span class='ocrx_word' id='word_1_156' title='bbox 617 1616 688 1653; x_wconf 86' lang='lat' dir='ltr'><strong>per</strong></span> <span class='ocrx_word' id='word_1_157' title='bbox 712 1605 816 1640; x_wconf 89' lang='lat' dir='ltr'><strong>vices</strong></span> <span class='ocrx_word' id='word_1_158' title='bbox 842 1606 906 1653; x_wconf 81' lang='lat' dir='ltr'><strong>qui</strong></span> <span class='ocrx_word' id='word_1_159' title='bbox 935 1603 1161 1640; x_wconf 88' lang='lat' dir='ltr'><strong>adclament</strong></span> <span class='ocrx_word' id='word_1_160' title='bbox 1187 1604 1396 1654; x_wconf 89' lang='lat' dir='ltr'><strong>dispositos</strong></span> 
     </span>
     <span class='ocr_line' id='line_1_28' title="bbox 228 1663 1396 1715; baseline 0.002 -15"><span class='ocrx_word' id='word_1_161' title='bbox 228 1663 379 1701; x_wconf 89' lang='lat' dir='ltr'><strong>habent</strong></span> <span class='ocrx_word' id='word_1_162' title='bbox 412 1671 453 1701; x_wconf 90' lang='lat' dir='ltr'><strong>et</strong></span> <span class='ocrx_word' id='word_1_163' title='bbox 486 1667 551 1714; x_wconf 91' lang='lat' dir='ltr'><strong>qui</strong></span> <span class='ocrx_word' id='word_1_164' title='bbox 584 1677 749 1715; x_wconf 84' lang='lat' dir='ltr'><strong>gregem</strong></span> <span class='ocrx_word' id='word_1_165' title='bbox 783 1678 877 1701; x_wconf 87' lang='lat' dir='ltr'><strong>voce</strong></span> <span class='ocrx_word' id='word_1_166' title='bbox 910 1667 1154 1702; x_wconf 89' lang='lat' dir='ltr'><strong>contineant.</strong></span> <span class='ocrx_word' id='word_1_167' title='bbox 1210 1666 1396 1702; x_wconf 84' lang='lat' dir='ltr'><strong>excubias</strong></span> 
     </span>
     <span class='ocr_line' id='line_1_29' title="bbox 227 1724 1396 1776; baseline 0.002 -15"><span class='ocrx_word' id='word_1_168' title='bbox 227 1724 378 1762; x_wconf 87' lang='lat' dir='ltr'><strong>habent</strong></span> <span class='ocrx_word' id='word_1_169' title='bbox 408 1728 609 1762; x_wconf 88' lang='lat' dir='ltr'><strong>nocturnis</strong></span> <span class='ocrx_word' id='word_1_170' title='bbox 638 1726 885 1776; x_wconf 89' lang='lat' dir='ltr'><strong>temporibus</strong></span> <span class='ocrx_word' id='word_1_171' title='bbox 916 1725 1091 1776; x_wconf 91' lang='lat' dir='ltr'><strong>lapillum</strong></span> <span class='ocrx_word' id='word_1_172' title='bbox 1121 1726 1224 1776; x_wconf 89' lang='lat' dir='ltr'><strong>pede</strong></span> <span class='ocrx_word' id='word_1_173' title='bbox 1254 1728 1396 1763; x_wconf 85' lang='lat' dir='ltr'><strong>sustin-</strong></span> 
     </span>
     <span class='ocr_line' id='line_1_30' title="bbox 228 1786 1395 1839; baseline 0.001 -16"><span class='ocrx_word' id='word_1_174' title='bbox 228 1793 356 1831; x_wconf 89' lang='lat' dir='ltr'><strong>entes,</strong></span> <span class='ocrx_word' id='word_1_175' title='bbox 383 1789 450 1837; x_wconf 93' lang='lat' dir='ltr'><strong>qui</strong></span> <span class='ocrx_word' id='word_1_176' title='bbox 477 1786 633 1824; x_wconf 82' lang='lat' dir='ltr'><strong>laxatus</strong></span> <span class='ocrx_word' id='word_1_177' title='bbox 661 1800 797 1824; x_wconf 88' lang='lat' dir='ltr'><strong>somno</strong></span> <span class='ocrx_word' id='word_1_178' title='bbox 825 1793 866 1824; x_wconf 91' lang='lat' dir='ltr'><strong>et</strong></span> <span class='ocrx_word' id='word_1_179' title='bbox 893 1787 1080 1824; x_wconf 86' lang='lat' dir='ltr'><strong>decidens</strong></span> <span class='ocrx_word' id='word_1_180' title='bbox 1107 1787 1395 1839; x_wconf 86' lang='lat' dir='ltr'><strong>indiligentiam</strong></span> 
     </span>
    </p>
   </div>
   <div class='ocr_carea' id='block_1_6' title="bbox 658 1873 977 1904">
    <p class='ocr_par' dir='ltr' id='par_1_8' title="bbox 658 1873 977 1904">
     <span class='ocr_line' id='line_1_31' title="bbox 658 1873 977 1904; baseline 0.003 -1"><span class='ocrx_word' id='word_1_181' title='bbox 658 1873 670 1892; x_wconf 85' lang='lat'>²</span> <span class='ocrx_word' id='word_1_182' title='bbox 694 1873 792 1904; x_wconf 76' lang='lat' dir='ltr'><strong>Gelen</strong></span> <span class='ocrx_word' id='word_1_183' title='bbox 807 1885 814 1903; x_wconf 92' lang='lat'>:</span> <span class='ocrx_word' id='word_1_184' title='bbox 839 1873 977 1904; x_wconf 78' lang='lat' dir='ltr'><strong>anseris.</strong></span> 
     </span>
    </p>
   </div>
   <div class='ocr_carea' id='block_1_7' title="bbox 499 1975 1124 2055">
    <p class='ocr_par' dir='ltr' id='par_1_9' title="bbox 499 1975 1124 2055">
     <span class='ocr_line' id='line_1_32' title="bbox 500 1975 1124 2013; baseline 0.002 -7"><span class='ocrx_word' id='word_1_185' title='bbox 500 1980 514 1993; x_wconf 82' lang='lat'><strong>‘³</strong></span> <span class='ocrx_word' id='word_1_186' title='bbox 538 1975 545 1987; x_wconf 79' lang='lat'>⁴</span> <span class='ocrx_word' id='word_1_187' title='bbox 562 1975 663 2007; x_wconf 89' lang='lat' dir='ltr'><strong>Birds</strong></span> <span class='ocrx_word' id='word_1_188' title='bbox 681 1976 763 2006; x_wconf 77' lang='lat' dir='ltr'><strong>with</strong></span> <span class='ocrx_word' id='word_1_189' title='bbox 782 1975 878 2013; x_wconf 83' lang='lat' dir='ltr'><strong>ears,&#39;</strong></span> <span class='ocrx_word' id='word_1_190' title='bbox 897 1976 956 2007; x_wconf 81' lang='lat' dir='ltr'><strong>the</strong></span> <span class='ocrx_word' id='word_1_191' title='bbox 972 1975 1124 2010; x_wconf 77' lang='lat' dir='ltr'><strong>bustard.</strong></span> 
     </span>
     <span class='ocr_line' id='line_1_33' title="bbox 499 2016 860 2055; baseline 0.003 -7"><span class='ocrx_word' id='word_1_192' title='bbox 499 2017 513 2037; x_wconf 71' lang='lat'><em>⁶</em></span> <span class='ocrx_word' id='word_1_193' title='bbox 535 2016 584 2048; x_wconf 92' lang='lat' dir='ltr'><strong>VI</strong></span> <span class='ocrx_word' id='word_1_194' title='bbox 605 2019 657 2055; x_wconf 82' lang='lat'><strong>70,</strong></span> <span class='ocrx_word' id='word_1_195' title='bbox 679 2017 747 2049; x_wconf 85' lang='lat' dir='ltr'><strong>Vll</strong></span> <span class='ocrx_word' id='word_1_196' title='bbox 768 2019 809 2050; x_wconf 86' lang='lat'><strong>26</strong></span> <span class='ocrx_word' id='word_1_197' title='bbox 823 2018 860 2050; x_wconf 86' lang='lat' dir='ltr'><strong>ff.</strong></span> 
     </span>
    </p>
   </div>
   <div class='ocr_carea' id='block_1_8' title="bbox 222 2073 292 2122">
    <p class='ocr_par' dir='ltr' id='par_1_10' title="bbox 222 2073 292 2122">
     <span class='ocr_line' id='line_1_34' title="bbox 222 2073 292 2122; baseline 0 -13"><span class='ocrx_word' id='word_1_198' title='bbox 222 2073 292 2122; x_wconf 87' lang='lat'><strong>328</strong></span> 
     </span>
    </p>
   </div>
  </div>
 </body>
</html>
