1482 2312
143 1011 204 1042 158

142 1568 202 1600 159

421 138 587 176 PLINY
601 153 609 176 ε
660 140 922 177 NATURAL
957 139 1192 177 HISTORY

227 240 436 278 admiratio
482 241 685 278 hominum
731 241 877 279 differri
923 255 1001 278 non
1046 245 1209 291 patitur.
1269 246 1395 293 pisces

227 313 370 348 attritu
401 313 599 347 ventrium
630 317 775 348 coeunt
807 317 923 348 tanta
954 311 1161 348 celeritate
1193 318 1237 349 ut
1270 315 1395 349 visum

225 379 380 424 fallant,
400 379 576 429 delphini
598 386 639 417 et
660 380 812 430 reliqua
833 386 922 417 cete
943 381 1059 417 simili
1078 381 1195 418 modo
1217 387 1258 418 et
1278 382 1396 431 paulo

226 450 386 486 diutius.
441 449 590 486 femina
610 452 725 499 piscis
746 453 872 487 coitus
893 456 1075 500 tempore
1096 464 1246 488 marem
1268 455 1397 501 sequi-

224 525 290 556 tur
311 525 492 556 ventrem
515 522 597 556 eius
618 525 744 556 rostro
766 520 939 569 pulsans,
961 520 1033 556 sub
1054 526 1214 569 partum
1230 519 1246 542 ¹
1268 534 1395 558 mares

226 588 392 626 feminas
411 589 592 626 similiter
610 602 682 626 ova
701 595 907 626 vescentes
927 603 1075 626 earum,
1130 603 1202 627 nec
1221 593 1316 627 satis
1335 597 1396 628 est

225 661 473 708 generationi
488 672 559 708 per
572 672 614 695 se
628 661 769 702 coitus,
783 661 856 695 nisi
871 659 988 695 editis
1003 661 1083 696 ovis
1098 660 1396 697 interversando

224 741 352 765 mares
390 728 510 764 vitale
548 728 816 777 adsperserint
853 731 987 765 virusp
1023 742 1102 765 non
1139 729 1320 766 omnibus
1356 729 1395 767 id

223 800 419 848 contingit
437 801 517 834 ovis
535 800 575 833 in
591 803 706 834 tanta
724 797 980 834 multitudine
994 809 1004 841 ;
1034 798 1180 848 alioqui
1198 798 1396 848 repleren-

225 872 291 903 tur
311 870 434 903 maria
456 873 497 903 et
518 873 676 916 stagna,
696 880 786 903 cum
807 867 949 917 singuli
970 870 1073 904 uteri
1094 868 1396 905 innumerabilia

222 939 458 986 concipiant.

280 1005 449 1043 Piscium
463 1020 536 1043 ova
548 1009 588 1042 in
600 1009 699 1042 mari
712 1012 907 1050 crescunt,
918 1007 1115 1056 quaedam
1128 1020 1283 1044 summa
1294 1007 1395 1045 cele-

226 1078 360 1119 ritate,
408 1082 453 1112 ut
502 1089 771 1119 murenarum,
820 1076 1018 1126 quaedam
1065 1077 1183 1126 paulo
1230 1077 1394 1114 tardius.

224 1145 331 1194 plani
361 1148 526 1194 piscium
550 1146 692 1195 quibus
714 1146 842 1183 cauda
864 1159 942 1182 non
966 1152 1027 1183 est
1043 1146 1058 1169 2
1080 1146 1331 1196 aculeatique
1355 1153 1395 1184 et

224 1215 447 1252 testudines
479 1218 519 1251 in
549 1217 656 1252 coitu
687 1218 985 1264 superveniunt,
1015 1215 1150 1265 polypi
1181 1219 1287 1253 crine
1318 1229 1395 1253 uno

225 1284 397 1322 feminae
417 1285 576 1322 naribus
597 1285 767 1329 adnexo,
786 1288 945 1334 saepiae
966 1291 1007 1322 et
1025 1285 1220 1336 lolligines
1239 1285 1395 1336 linguis,

224 1361 509 1404 componentes
549 1357 654 1391 inter
692 1368 734 1392 se
773 1354 957 1392 bracchia
997 1361 1038 1392 et
1077 1358 1117 1391 in
1155 1358 1395 1392 contrarium

225 1430 390 1468 nantes;
425 1438 492 1461 ore
515 1430 556 1461 et
578 1427 750 1474 pariunt.
805 1425 876 1462 sed
897 1425 1031 1475 polypi
1053 1427 1093 1461 in
1113 1431 1262 1462 terram
1284 1439 1395 1463 verso

224 1497 355 1544 capite
377 1500 537 1538 coeunt,
559 1494 711 1544 reliqua
733 1495 910 1531 mollium
932 1497 1055 1545 tergis
1077 1500 1122 1532 ut
1143 1508 1276 1539 canes,
1297 1498 1394 1533 item

226 1564 402 1601 locustae
424 1570 465 1600 et
485 1564 666 1614 squillae,
679 1567 808 1601 cancri
824 1577 903 1601 ore.
956 1578 1077 1601 ranae
1097 1567 1395 1614 superveniunt,

224 1634 417 1684 prioribus
439 1634 606 1683 pedibus
626 1634 708 1671 alas
730 1634 902 1671 feminae
923 1647 1032 1671 mare
1053 1633 1394 1684 adprehendente,

226 1704 507 1753 posterioribus
522 1704 669 1741 clunes.
724 1707 883 1753 pariunt
899 1707 1081 1741 minimas
1096 1717 1232 1741 carnes
1249 1707 1394 1754 nigras,

226 1786 323 1823 quas
339 1776 498 1823 gyrinos
515 1779 671 1816 vocant,
688 1774 808 1810 oculis
823 1779 983 1810 tantum
1001 1780 1041 1810 et
1057 1773 1183 1810 cauda
1200 1776 1371 1822 insignes
1385 1786 1394 1817 ;

225 1856 317 1880 mox
331 1843 453 1892 pedes
467 1843 688 1893 figurantur
700 1843 826 1880 cauda
841 1843 1018 1880 findente
1032 1856 1073 1880 se
1087 1846 1126 1879 in
1142 1846 1391 1893 posteriores.

580 1945 592 1965 ¹
616 1944 735 1977 Gelan:
760 1948 872 1986 partu.

579 1987 591 2005 ²
612 1987 782 2019 Lacunam
797 1987 848 2019 hic
865 1987 1026 2028 lllayhoff.

222 2065 292 2102 270
