1482 2312
190 590 231 620 88

192 803 232 832 89

195 1122 237 1152 90

199 1495 237 1525 91

448 159 613 197 PLINY
627 173 637 197 t
689 159 950 197 NATURAL
986 158 1222 196 HISTORY

253 263 400 314 prodit,
451 263 558 313 quod
606 266 809 306 miremur,
857 265 951 312 ipsis
1001 261 1141 298 diebus
1191 266 1419 310 utrumque.

253 317 430 354 chlorion
463 329 636 366 quoque,
665 319 731 366 qui
763 322 874 352 totus
908 321 969 352 est
1001 315 1148 358 luteus,
1179 314 1310 351 hieme
1342 326 1422 350 non

253 374 371 413 visus,
395 373 498 406 circa
526 370 695 406 solstitia
719 369 912 419 procedit.
966 368 1143 405 merulae
1166 370 1269 404 cirea
1293 366 1423 417 Cylle-

253 437 333 460 nen
351 422 547 460 Arcadiae
565 436 638 459 nec
656 436 824 472 usquam
843 422 964 458 aliubi
981 421 1176 458 candidae
1193 425 1421 457 nascuntur.

253 478 327 513 ibis
344 479 447 513 circa
465 476 666 512 Pelusium
682 482 842 512 tantum
859 479 973 525 nigra
991 480 1065 518 est,
1082 477 1225 511 ceteris
1242 473 1423 510 omnibus

254 530 348 566 locis
373 529 555 566 candida.

306 583 450 619 XLVI.
480 582 643 619 Oscines
661 587 823 631 praeter
842 587 1031 630 exceptas
1049 594 1128 617 non
1146 586 1300 617 temere
1318 578 1425 616 fetus

255 636 408 672 faciunt
427 641 522 672 ante
543 637 838 685 aequinoctium
858 648 1023 671 vernum
1043 640 1111 670 aut
1131 639 1221 683 post
1241 639 1426 669 autumn-

257 689 333 732 ale,
364 695 459 726 ante
491 688 705 726 solstitium
738 695 874 725 autem
906 688 1060 731 dubios,
1092 692 1182 736 post
1213 686 1425 723 solstitium

257 742 410 779 vitales.

309 795 474 832 XLVII.
504 795 562 831 Eo
609 798 782 831 maxime
831 800 923 831 sunt
970 796 1144 844 insignes
1191 792 1427 843 halcyones:

258 849 342 886 dies
369 862 506 886 earum
531 855 669 898 partus
695 851 819 884 maria
847 851 994 897 quique
1012 847 1029 872 1
1052 850 1243 896 navigant
1268 858 1427 882 novere.

259 906 344 952 ipsa
375 905 456 938 avis
487 902 606 951 paulo
638 902 805 951 amplior
835 914 1010 951 passere,
1041 900 1171 937 colore
1202 912 1355 950 cyanea
1386 904 1428 935 et

259 962 374 1005 parte
396 955 582 992 inferiore
597 955 612 978 2
633 961 794 992 tantum
815 967 1030 1004 purpurea,
1051 953 1228 990 candidis
1249 952 1428 989 admixta

258 1012 388 1058 pinnis
428 1009 542 1053 collo,
585 1008 721 1059 gracili
763 1021 808 1044 ac
843 1021 1006 1057 procero
1049 1006 1207 1043 rostr0.3
1258 1006 1428 1042 alterum

260 1075 386 1112 genus
424 1075 561 1099 earum
598 1061 875 1112 magnitudine
912 1060 1171 1111 distinguitur
1207 1065 1249 1096 et
1285 1065 1429 1101 cantu3

261 1119 432 1152 minores
462 1119 502 1152 in
526 1115 801 1152 harundinetis
821 1120 983 1151 canunt.
1037 1113 1273 1163 halcyonem
1295 1112 1429 1148 videre

260 1172 502 1208 rarissimum
529 1175 604 1212 est,
629 1182 703 1205 nec
729 1171 803 1205 nisi
828 1168 1081 1219 vergiliarum
1107 1179 1247 1203 occasu
1268 1171 1309 1202 et
1327 1169 1430 1202 circa

261 1222 431 1259 solstitia
469 1223 715 1265 brumamve,
755 1235 856 1258 nave
897 1221 1110 1271 aliquando
1149 1219 1430 1256 circumvolata

263 1279 398 1313 statim
453 1279 493 1312 in
534 1276 710 1312 latebras
753 1276 983 1312 abeuntem.
1037 1273 1233 1311 fetificant
1275 1273 1431 1315 bruma,

263 1332 330 1379 qui
345 1329 429 1367 dies
445 1329 700 1379 halcyonides
717 1335 921 1372 vocantur,
935 1328 1091 1377 placido
1106 1329 1205 1363 mari
1219 1340 1292 1376 per
1307 1339 1373 1362 eos
1390 1331 1431 1362 et

263 1383 491 1433 navigabili,
523 1382 651 1419 Siculo
683 1385 870 1418 maxime.
921 1381 1073 1418 faciunt
1107 1386 1243 1416 autem
1275 1384 1431 1428 septem

264 1442 359 1473 ante
383 1437 566 1473 brumam
592 1436 731 1473 diebus
757 1435 883 1478 nidos,
910 1440 951 1471 et
975 1434 1147 1471 totidem
1172 1433 1432 1483 sequentibus

263 1492 436 1539 pariunt.
490 1489 570 1526 nidi
614 1502 749 1526 earum
792 1489 1096 1525 admirationem
1136 1486 1288 1523 habent
1326 1485 1432 1535 pilae

266 1543 391 1593 figura
438 1543 601 1592 paulum
651 1545 843 1578 eminenti
891 1555 957 1578 ore
1005 1553 1199 1590 perquam
1247 1544 1432 1589 angusto,

264 1597 475 1646 grandium
508 1609 775 1646 spongearum
806 1594 1087 1637 similitudine;
1118 1593 1223 1630 ferro
1250 1591 1432 1629 intercidi

265 1662 343 1686 non
368 1656 535 1699 queunt,
558 1649 798 1699 franguntur
820 1652 902 1684 ictu
925 1648 1069 1691 validm
1092 1653 1137 1683 ut
1161 1659 1301 1696 spuma
1324 1645 1433 1682 arida

416 1761 427 1779 1
450 1760 569 1800 quiqui
585 1770 684 1791 anon.

413 1804 425 1822 ²
449 1802 605 1843 Maylwff
617 1815 624 1834 :
651 1812 779 1842 cyanea
795 1812 836 1832 ex
852 1804 950 1842 parte
966 1800 1092 1831 maiore
1108 1804 1164 1831 aut
1179 1799 1260 1830 alia.

411 1847 422 1864 ³
447 1850 557 1877 rostro
573 1845 647 1876 add.
664 1855 701 1876 ex
717 1844 888 1876 Aristotele
904 1843 1066 1884 Mayhoff.

267 1924 1421 1937 --—-—.-———-———-—-————-———-————-——

439 1991 453 2005 a
476 1987 556 2017 This
572 1986 680 2026 larger
695 1986 829 2025 variety
846 1985 874 2016 is
891 1984 950 2015 the
966 1984 1050 2015 Pied
1065 1983 1269 2024 Kingfisher.

442 2029 454 2048 δ
478 2029 593 2060 About
609 2029 667 2059 the
683 2028 864 2069 beginning
880 2027 918 2058 of
929 2026 1133 2058 November.

267 2093 337 2140 348
