1482 2312
389 183 578 221 PLINY:
630 185 892 221 NATURAL
929 184 1164 221 HISTORY

193 286 339 323 docent
355 290 540 337 quoniam
553 287 758 337 coquendo
771 287 967 324 durescat.
1007 291 1180 324 omnium
1202 289 1361 325 cerebro

194 341 325 378 medio
346 343 480 377 insunt
500 340 665 377 ossicula
691 354 822 391 parva.
880 343 944 377 uni
965 340 1113 377 homini
1133 343 1171 376 in
1196 341 1361 378 infantia

194 394 405 444 palpitant,
430 407 503 430 1100
527 395 837 430 conroborantur
861 400 954 430 ante
980 396 1148 443 primum
1174 397 1361 431 sermonis

109 452 168 483 135
193 447 409 483 exordium.
465 446 537 483 hoc
559 453 620 483 est
641 449 831 483 viscerum
861 446 1166 483 excelsissimum
1193 448 1362 484 custodi—

195 506 361 549 tumque
375 500 387 522 ¹
412 500 549 536 caelo2
573 502 728 549 capitis,
748 502 831 536 sine
852 513 983 543 carne,
1003 502 1086 536 sine
1106 513 1256 544 cruore,
1280 503 1362 537 sine

195 553 385 590 sordibus.
442 552 541 589 hauc
572 552 694 589 habet
726 566 862 589 sensus
893 566 1038 596 arcem,
1070 553 1144 590 huc
1176 566 1361 590 venarum

194 609 319 642 omnis
351 620 373 642 a
405 606 522 642 corde
556 609 611 642 vis
644 606 789 649 tendit,
820 605 882 642 hic
914 606 1072 650 desinit,
1103 606 1177 643 1100
1208 607 1363 643 culmen

194 659 441 703 altissimum,
485 659 546 695 hic
590 662 734 696 mentis
790 666 849 696 est
905 662 1093 709 regimen.
1159 659 1364 696 omnium³

194 718 329 749 autem
359 712 585 748 animalium
616 715 655 748 in
684 715 813 762 priora
842 726 1022 762 pronum,
1047 715 1139 762 quia
1162 719 1203 749 et
1227 725 1362 749 sensus

193 772 286 802 ante
312 779 381 802 nos
406 765 590 802 tendunt.
646 766 695 802 31)
722 779 769 802 eo
794 766 1052 816 proficiscitur
1077 779 1248 810 somnus,
1274 766 1363 803 hinc

192 821 332 869 capitis
370 822 548 861 nutatio3
598 832 699 868 quae
738 820 942 855 cerebrum
981 832 1058 855 non
1096 818 1245 855 habent
1286 833 1362 856 non

192 872 403 909 dormiunt.

250 925 381 962 Cervis
430 928 468 961 in
516 928 646 976 capite
690 928 816 962 inesse
860 925 1059 962 vermiculi
1102 927 1174 962 sub
1206 925 1363 975 linguae

193 981 386 1015 inanitate
401 985 442 1015 et
454 981 556 1015 circa
569 979 776 1015 articulum
791 991 868 1028 qua
880 985 1001 1028 caput
1013 981 1188 1028 iungitur
1201 992 1364 1015 numero

193 1043 240 1067 xx
262 1032 493 1081 produntur.

108 1090 169 1120 136
246 1085 289 1121 L.
321 1086 447 1122 Aures
473 1085 619 1121 homini
647 1091 805 1122 tantum
833 1085 1053 1122 immobiles
1080 1086 1145 1133 (ab
1172 1085 1230 1122 his
1258 1085 1363 1122 Flac-

192 1152 326 1174 corum
349 1139 611 1188 cognomina).
663 1152 735 1175 nec
759 1141 798 1174 in
823 1138 898 1174 alia
921 1144 1035 1188 parte
1060 1138 1215 1175 feminis
1239 1141 1364 1175 maius

194 1192 423 1242 inpendium
465 1194 687 1242 margaritis
729 1192 1071 1242 dependentibus;
1118 1194 1156 1227 in
1198 1192 1363 1229 Oriente

194 1245 355 1294 quidem
381 1251 423 1282 et
448 1248 538 1281 viris
565 1258 703 1282 aurum
729 1258 776 1282 eo
803 1245 875 1281 loci
901 1251 1059 1295 gestare
1085 1245 1205 1282 decus
1232 1247 1364 1282 existi-

193 1304 335 1335 matur.
405 1298 633 1334 animalium
685 1298 769 1335 aliis
820 1301 987 1335 maiores
1038 1297 1122 1335 aliis
1173 1301 1364 1342 minores;

193 1354 316 1388 cervis
337 1358 496 1388 tantum
517 1355 660 1388 scissae
682 1365 727 1388 ac
748 1352 857 1388 velut
878 1352 1041 1396 divisae,
1062 1354 1174 1388 sorici
1195 1352 1364 1402 pilosae3

194 1405 263 1441 sed
289 1405 443 1455 aliquae
469 1406 650 1441 omnibus
676 1405 818 1441 animal
845 1405 1057 1441 dumtaxat
1082 1406 1364 1455 generantibus

195 1464 363 1508 excepto
387 1458 508 1495 vitulo
531 1461 682 1494 marino
706 1464 827 1508 atque
851 1457 1036 1508 delphino
1060 1464 1102 1495 et
1125 1471 1227 1508 quae
1249 1461 1363 1495 carti-

109 1516 168 1547 137
194 1510 350 1561 laginea
373 1511 656 1561 appellavimus
681 1517 723 1548 et
746 1514 910 1562 viperis:
948 1511 1045 1548 haec
1068 1525 1254 1548 cavernas
1278 1517 1362 1548 tan-

193 1570 278 1600 tum
320 1564 469 1601 habent
511 1568 663 1601 aurium
705 1564 787 1601 loco
827 1570 987 1615 praeter
1026 1565 1283 1615 cartilaginea
1323 1571 1364 1601 et

193 1617 437 1668 delphinum,
476 1631 595 1668 quem
634 1624 770 1654 tamen
810 1618 946 1654 audire
985 1617 1241 1654 manifestum
1281 1624 1363 1655 est:

193 1684 284 1707 nam
304 1677 345 1708 et
363 1677 483 1708 cantu
502 1671 739 1715 mulcentur,
760 1677 800 1708 et
819 1674 1027 1721 capiuntur
1048 1674 1207 1708 attoniti
1221 1671 1236 1693 ⁴¹
1255 1684 1360 1708 sono.

251 1741 260 1759 ¹
285 1740 360 1771 sic?
402 1740 447 1771 vel
487 1743 748 1780 protectumque
790 1740 928 1770 Mueller
964 1740 1237 1781 (proximumque
1264 1740 1361 1777 alim:

201 1783 540 1823 excelsissimumque.

247 1826 259 1845 ²
281 1836 325 1856 an
343 1836 426 1856 cavo
442 1830 477 1856 ut
495 1825 558 1857 IX.
580 1826 664 1857 163?
683 1825 844 1866 Mayhoff.
975 1826 986 1843 ³
1011 1825 1078 1857 edd.
1096 1839 1102 1857 :
1128 1825 1294 1856 omnibus.

247 1869 258 1887 ⁴¹
283 1869 433 1899 attenti?
453 1868 629 1899 Raclcham.

234 1953 246 1966 ‘¹
270 1949 401 1979 Larvae
420 1948 456 1978 of
474 1948 532 1978 the
550 1947 691 1988 gad-fly.
859 1946 871 1966 ¹³
894 1946 958 1978 IX.
978 1947 1030 1977 78.

234 1996 242 2008 s
265 1989 413 2030 Perhaps
436 1989 494 2020 the
518 1994 592 2020 text
611 1989 732 2020 should
753 1989 794 2020 be
813 1989 941 2020 altered
960 1993 997 2020 to
1015 1989 1091 2029 give
1111 1989 1118 2000 ‘
1134 1988 1231 2019 while
1250 1989 1362 2020 intent

188 2032 256 2068 on‚’
271 2032 278 2043 ‘
293 2033 460 2063 absorbed
477 2032 520 2073 by
534 2032 540 2043 ⁷
553 2044 560 2063 ε
588 2033 628 2074 cs.
643 2032 885 2072 Shakespeare,
901 2031 907 2042 ‘
921 2032 935 2062 I
956 2041 1011 2062 am
1026 2042 1129 2062 never
1142 2041 1253 2072 merry
1267 2031 1362 2063 when

190 2076 206 2106 I
218 2075 298 2106 hear
309 2079 411 2106 sweet
424 2075 610 2106 music.'—‘
621 2074 692 2106 The
705 2085 822 2105 reason
836 2075 875 2111 is,
887 2084 974 2116 your
985 2075 1100 2115 spirits
1111 2085 1167 2105 are
1179 2074 1348 2106 auentivel

191 2121 259 2167 516
