1482 2312
431 142 596 180 PLINY
611 156 620 180 z
669 142 932 179 NATURAL
967 140 1202 178 HISTORY

237 245 384 282 Neroni
406 247 572 294 principi
596 244 861 294 quadragiens
884 246 1069 280 sestertio
1092 256 1218 292 nuper
1240 248 1403 280 stetere.

155 304 213 335 197
235 298 344 335 Servi
372 298 476 334 Tulli
502 303 742 347 praetextae
771 297 912 346 quibus
941 299 1098 346 signum
1128 296 1327 332 Fortunae
1355 296 1404 332 ab

238 365 285 388 eo
327 351 484 388 dicatae
526 356 760 400 coopertum
803 356 904 393 erat,
946 350 1138 386 duravere
1181 349 1232 385 ad
1274 348 1404 386 Seiani

237 407 404 448 exitum,
431 407 653 453 mirumque
680 403 756 440 fuit
782 415 913 452 neque
940 402 1152 439 diffluxisse
1180 415 1246 438 eas
1274 415 1404 451 neque

236 458 462 494 teredinum
497 460 657 493 iniurias
689 460 857 494 sensisse
890 458 1001 492 annis
1034 458 1261 505 quingentis
1293 468 1406 492 sexa-

237 514 362 561 ginta.
419 510 586 547 vidimus
613 513 692 545 iam
720 515 761 546 et
781 508 1025 546 viventium1
1048 508 1196 545 vellera
1219 521 1407 557 purpura,

237 577 367 607 cocco,
379 563 598 613 conchylio,
612 562 953 612 sesquipedalibus
968 561 1076 598 libris
1088 562 1104 585 2
1120 561 1283 605 infecta,
1298 561 1407 598 velut

236 617 305 653 illa
322 619 376 653 sic
394 619 500 653 nasei
518 621 689 666 cogente
707 615 873 652 luxuria.

157 676 217 705 198
290 669 447 706 LXXV.
479 669 524 705 In
550 673 634 718 ipsa
659 682 732 705 ove
757 671 853 705 satis
878 670 1159 718 generositatis
1184 667 1409 704 ostenditur

239 723 437 760 brevitate
474 736 645 765 crurum,
680 724 828 759 ventris
866 720 1045 758 vestitu.³
1099 721 1240 770 quibus
1278 720 1407 757 nudus

240 781 345 813 esset
383 778 514 825 apicas
548 775 743 812 vocabant
776 774 1115 823 damnabantque.
1170 773 1308 824 Syriae
1342 786 1408 810 cu-

238 829 381 866 bitales
421 832 551 865 ovium
589 828 756 872 caudae,
794 827 1087 877 plurimumque
1126 829 1166 863 in
1205 840 1253 863 ea
1292 832 1408 876 parte

238 882 380 919 lanicii.
434 885 598 920 castrari
632 895 754 931 agnos
787 884 859 918 nisi
891 883 1264 930 quinquemenstres
1294 892 1408 929 prae-

240 941 439 972 maturum
457 937 719 972 existimatur.

159 994 219 1025 199
290 989 362 1025 Est
380 991 419 1025 in
439 989 646 1037 Hispania,
664 987 734 1025 sed
752 989 927 1025 maxime
946 986 1117 1030 Corsica,
1135 999 1214 1023 non
1231 985 1410 1023 absimile

241 1045 372 1091 pecori
395 1055 520 1091 genus
544 1054 795 1078 musmonum
817 1043 978 1090 caprino
1001 1040 1093 1076 villo
1116 1053 1236 1089 quam
1258 1042 1410 1089 pecoris

241 1095 377 1131 velleri
409 1097 583 1144 propius,
616 1107 783 1144 quorum
816 1107 837 1130 e
870 1106 1018 1144 genere
1051 1099 1092 1130 et
1125 1093 1261 1130 ovibus
1295 1098 1409 1129 natos

240 1151 355 1198 prisci
404 1148 575 1186 Umbros
619 1153 870 1184 vocaverunt.
924 1146 1232 1184 infirmissimum
1279 1148 1409 1195 pecori

240 1207 376 1250 caput,
401 1201 659 1251 quamobrem
684 1214 865 1241 aversum
890 1213 912 1236 a
936 1199 1017 1236 sole
1041 1202 1147 1249 pasci
1171 1198 1407 1249 cogendum.

243 1268 362 1304 quam
395 1254 629 1291 stultissima
662 1253 892 1290 animalium
924 1253 1082 1290 lanata:
1131 1266 1208 1302 qua
1241 1254 1411 1289 timuere

242 1307 410 1357 ingredi,
432 1321 554 1344 unum
574 1320 694 1344 cornu
714 1313 874 1356 raptum
894 1311 1126 1356 sequuntur.
1166 1308 1248 1342 vita
1267 1305 1411 1356 longis-

243 1364 342 1397 sima
361 1364 451 1397 anni
472 1374 509 1404 x,
528 1364 567 1397 in
588 1360 803 1409 Aethiopia
821 1372 917 1402 x111;
945 1362 1072 1409 capris
1093 1359 1234 1396 eodem
1254 1358 1338 1395 loeo
1357 1372 1411 1402 XI,

243 1417 283 1450 in
310 1414 461 1463 reliquo
487 1415 582 1450 orbe
610 1414 823 1463 plurimum
847 1415 991 1449 octoni.
1046 1418 1260 1462 utrumque
1286 1422 1411 1462 genus

244 1470 347 1503 intra
366 1473 552 1516 quartum
570 1470 719 1503 coitum
738 1467 938 1517 impletur.

159 1525 222 1556 200
295 1520 473 1557 LXXVI.
504 1521 658 1569 Caprae
691 1523 851 1569 pariunt
885 1525 926 1556 et
960 1524 1188 1568 quaternos,
1221 1518 1292 1555 sed
1324 1531 1412 1554 raro

243 1573 479 1617 admodum;
539 1573 672 1610 ferunt
714 1587 736 1609 v
779 1573 994 1616 mensibus,
1041 1578 1085 1608 ut
1134 1585 1238 1608 oves.
1303 1574 1410 1620 capri

473 1677 483 1695 ¹
508 1676 562 1707 v.l.
581 1675 771 1706 bidentum.

471 1719 482 1737 2
506 1719 559 1749 tul.
577 1729 602 1749 s.
620 1717 724 1749 labris
740 1717 964 1759 (sesquilibris
982 1717 1187 1757 Gronovius).

473 1761 485 1779 ³
509 1762 562 1792 v.l.
582 1761 738 1792 vestitus.

286 1884 299 1899 ‘²
323 1880 412 1912 Over
427 1881 537 1911 27000
554 1879 641 1920 gold.
836 1879 848 1898 ἢ
871 1888 941 1910 ΑᾸ).
962 1880 1014 1910 31.

288 1928 300 1943 ⁶
322 1923 351 1954 A
367 1923 502 1954 variant
516 1923 609 1963 gives
625 1922 633 1934 ⁴
649 1932 734 1953 even
750 1922 788 1953 of
799 1922 924 1963 sheep.'

285 1965 298 1984 ¹²
321 1966 392 1997 The
429 1965 537 1996 words
573 1965 729 2002 omitted,
768 1964 775 1977 ‘
792 1965 873 1995 with
910 1965 1064 2005 eighteen
1102 1964 1178 1995 inoh
1214 1964 1318 1995 scales
1334 1963 1341 1976 ’
1377 1974 1413 1994 or

244 2008 418 2050 ‘pounds,'
437 2008 524 2039 have
545 2012 605 2039 not
625 2008 708 2038 been
725 2007 968 2048 satisfactorily
986 2007 1164 2048 explained
1183 2017 1220 2038 or
1237 2006 1412 2038 emended.

249 2070 315 2117 138
