1482 2312
435 137 599 176 PLINY
613 152 622 176 ε
671 139 932 176 NATURAL
968 139 1202 177 HISTORY

235 246 442 291 gustatum
469 240 708 289 adplicavit?
763 241 829 276 ubi
856 240 1066 277 odoratum
1092 239 1284 277 inseruit?
1336 240 1401 276 ubi

235 307 327 330 vero
346 293 615 330 truculentam
633 293 744 330 illam
766 299 807 330 et
828 296 1011 342 portione
1032 296 1247 329 maximam
1267 306 1400 330 vocem

193 354 212 384 3
234 347 511 397 ingeneravit?
565 360 642 396 qua
660 346 883 383 subtilitate
902 359 1052 395 pennas
1070 346 1275 390 adnexuit,
1291 359 1402 395 prae—

232 400 410 450 longavit
432 400 580 449 pedum
601 413 729 443 crura,
750 400 943 449 disposuit
965 403 1139 436 ieiunam
1159 412 1322 436 caveam
1345 402 1401 436 uti

234 453 379 496 alvum,
422 453 579 490 avidam
619 456 821 503 sanguinis
864 459 905 489 et
952 456 1199 502 potissimum
1242 452 1400 489 humani

234 510 341 543 sitim
358 507 372 530 1
390 506 572 543 accendit
589 506 595 542 !
626 506 755 543 telum
773 519 865 542 vero
883 506 1143 555 perfodiendo
1159 508 1308 556 tergori
1326 519 1403 555 quo

235 560 442 609 spiculavit
461 562 635 609 ingenio,
655 565 777 609 atque
799 565 843 596 ut
863 562 902 595 in
921 562 1072 608 capaci,
1091 573 1181 596 cum
1199 562 1306 596 cerni
1325 572 1403 595 non

235 617 358 662 possit
384 613 555 656 exilitas,
580 615 780 662 reciproca
804 616 1011 662 generavit
1036 618 1123 649 arte
1148 618 1193 649 ut
1218 612 1404 649 fodiendo

234 669 507 703 acuminatum
536 669 687 715 pariter
717 665 992 715 sorbendoque
1025 665 1244 702 fistulosum
1275 666 1401 702 esset!

236 733 333 769 quos
354 719 524 756 teredini
547 719 598 756 ad
618 718 858 768 perforanda
879 719 1019 755 robora
1040 731 1131 755 cum
1146 719 1161 741 2
1181 732 1277 755 sono
1297 724 1403 755 teste

235 774 377 809 dentes
400 773 539 809 adfixit
562 775 891 822 potissimumque
915 785 936 809 e
957 772 1065 822 ligno
1086 772 1263 809 cibatum
1284 771 1401 809 fecit!

194 834 213 862 4
236 826 306 863 sed
326 829 542 876 turrigeros
564 825 868 875 elephantorum
889 828 1078 862 miramur
1098 838 1254 862 umeros
1272 831 1404 862 tauro-

236 893 402 929 rumque
433 879 535 916 colla
567 885 608 916 et
638 885 770 916 truces
802 882 841 915 in
873 879 1041 915 sublime
1070 881 1213 922 iactus,
1242 881 1403 928 tigrium

236 936 408 982 rapinas,
432 933 592 969 leonum
618 933 744 976 iubas,
769 946 860 969 cum
885 945 1016 969 rerum
1042 938 1186 968 natura
1209 945 1403 982 nusquam

236 988 362 1035 magis
384 998 504 1036 quam
523 989 563 1021 in
583 989 753 1022 minimis
771 991 860 1022 tota
879 989 941 1022 sit.
996 991 1239 1035 quapropter
1257 998 1404 1035 quaeso

237 1053 285 1076 ne
311 1046 446 1076 nostra
471 1039 667 1089 legentes,
687 1042 873 1089 quoniam
901 1052 950 1076 ex
969 1037 1029 1075 his
1053 1044 1246 1088 spernunt
1264 1039 1404 1082 multa,

236 1096 359 1130 ctiam
374 1093 503 1130 relata
516 1092 676 1129 fastidio
690 1093 897 1136 damnent,
909 1106 998 1129 cum
1013 1094 1053 1128 in
1068 1092 1403 1141 contemplatione

236 1152 403 1182 naturae
422 1145 520 1182 nihil
536 1149 659 1196 possit
678 1146 800 1182 videri
819 1159 1118 1195 supervacuum.

195 1207 213 1235 5
289 1200 340 1236 ΙΙ.
371 1199 530 1236 Insecta
554 1199 669 1236 multi
694 1205 893 1249 negarunt
918 1202 1081 1248 spirare,
1106 1198 1226 1248 idque
1250 1201 1404 1235 ratione

236 1253 523 1301 persuadentes
575 1255 762 1303 quoniam
815 1255 964 1289 viscera
1009 1253 1198 1289 interiora
1212 1251 1228 1274 3
1278 1265 1403 1288 nexus

236 1306 431 1355 spirabilis
471 1319 549 1342 non
590 1305 798 1350 inessent,4
836 1309 973 1355 itaque
1014 1308 1144 1342 vivere
1188 1311 1232 1341 ut
1270 1304 1403 1355 fruges

236 1360 490 1409 arboresque,
509 1359 580 1396 sed
599 1359 812 1409 plurimum
830 1362 1024 1396 interesse
1044 1362 1167 1408 spiret
1186 1358 1336 1408 aliquid
1354 1372 1403 1394 an

238 1416 342 1449 vivat
357 1425 365 1456 3
396 1413 538 1449 eadem
554 1413 604 1449 de
620 1426 739 1449 causa
755 1426 828 1449 nec
843 1415 1078 1463 sanguinem
1094 1415 1139 1449 iis
1156 1425 1256 1455 esse,
1272 1414 1338 1461 qui
1353 1415 1402 1448 sit

237 1466 352 1502 nullis
372 1467 599 1503 carentibus
620 1466 738 1503 corde
759 1472 882 1516 atque
903 1469 1055 1509 iecore3
1089 1468 1143 1502 sic
1163 1478 1236 1502 nec
1257 1468 1403 1514 spirare

237 1533 284 1556 ea
312 1520 453 1569 quibus
486 1520 619 1569 pulmo
647 1520 763 1556 desit.
816 1519 922 1556 unde
960 1531 1170 1555 numerosa
1208 1521 1401 1568 quaestio-

521 1616 532 1634 1
555 1616 612 1647 siti
628 1614 799 1654 Detlefsen.

521 1658 533 1676 ²
554 1659 677 1689 robora
695 1658 950 1697 <terebrar>um
969 1657 1122 1697 Mayhoff

518 1701 531 1720 ³
552 1701 641 1732 inter
656 1706 690 1732 et
707 1712 766 1731 ora
782 1700 954 1740 Dades-sen.

519 1744 530 1762 ⁴
554 1743 726 1783 Mayhoff:
753 1744 887 1775 inesset.

278 1884 292 1899 ‘¹
315 1880 395 1911 This
412 1890 491 1920 may
506 1890 603 1910 mean
621 1879 678 1910 the
694 1879 901 1919 ship-worm,
920 1877 1090 1909 mistaken
1106 1878 1158 1909 for
1173 1888 1217 1909 an
1233 1878 1350 1915 insect,
1368 1889 1404 1910 or

237 1923 293 1954 the
310 1923 503 1963 goat-moth
522 1922 717 1962 caterpillar
734 1922 843 1952 which
862 1921 959 1952 bores
978 1922 1049 1952 into
1066 1920 1174 1961 living
1192 1924 1288 1951 trees.

281 1966 293 1984 θ
316 1965 369 2038 2311
385 1964 663 2038 emqndartlilortilsqf
682 1964 741 1995 the
763 1967 840 1995 text
861 1964 955 2005 gives
979 1962 1035 1994 ‘as
1058 1963 1085 1994 is
1107 1962 1291 1994 evideneed
1315 1962 1360 2004 by
1383 1973 1404 1993 a

233 2018 317 2039 soun
366 2019 403 2038 as
427 2018 447 2038 o
485 2018 518 2048 gi
569 2017 586 2038 e
622 2031 629 2037 .

235 2081 306 2117 434
