1482 2312
161 379 222 409 166

162 934 222 965 167

163 1212 224 1243 168

164 1629 226 1659 169

442 131 606 169 PLINY
622 145 630 168 ε
680 131 943 168 NATURAL
979 129 1213 168 HISTORY

242 234 441 271 hirundini
473 235 580 270 caeci
613 235 740 283 primo
773 232 868 283 pulli
903 238 995 269 sunt
1028 237 1070 269 et
1115 230 1198 268 fere
1233 231 1414 268 omnibus

243 305 384 354 quibus
403 305 647 340 numerosior
665 301 783 339 fetus.

294 372 455 409 LXXX.
486 372 611 408 Inrita
635 385 721 416 ova,
745 384 848 421 quae
871 370 1112 421 hypenemia
1136 370 1320 414 diximus,
1345 375 1415 406 aut

242 448 383 479 mutua
433 441 606 478 feminae
657 443 762 477 inter
813 454 855 477 se
906 440 1079 476 libidinis
1130 441 1414 489 imaginatione

243 514 470 562 concipiunt
490 517 558 547 aut
577 510 753 560 pulvere,
773 523 846 547 nec
866 509 1072 546 columbae
1091 514 1264 552 tantum,
1284 508 1354 545 sed
1374 514 1415 545 et

242 581 427 632 gallinae,
461 580 654 630 perdices,
687 592 875 630 pavones,
910 591 1082 622 anseres,
1116 577 1413 628 chenalopeces.

243 656 336 687 sunt
373 655 509 686 autem
545 649 707 693 sterilia,
745 655 787 686 et
822 651 974 685 minora
1010 661 1055 685 ac
1090 650 1219 684 minus
1255 647 1414 684 iucundi

243 722 392 770 saporis
412 725 454 756 et
472 721 599 769 magis
619 718 765 755 umida.
822 718 984 768 quidam
1004 723 1045 754 et
1065 723 1185 754 vento
1205 722 1351 767 putant
1370 729 1418 753 ea

243 791 440 840 generari,
464 802 543 839 qua
567 788 617 825 de
642 801 760 825 causa
786 790 908 825 etiam
932 786 1121 837 zephyria
1145 786 1417 837 appellantur3

243 862 356 896 urina
375 864 511 896 autem
531 871 622 895 vere
642 864 801 894 tanturn
821 857 921 893 fiunt
939 857 1193 893 incubatione
1213 855 1417 900 derelicta,

243 941 345 979 quae
374 928 438 964 alii
466 941 659 978 cynosura
687 927 836 964 dixere.
893 940 966 963 ova
997 932 1111 963 aceto
1144 931 1346 962 macerata
1378 927 1417 961 in

244 1004 403 1035 tantum
422 997 676 1034 emolliuntur
694 1003 738 1033 ut
756 1009 826 1047 per
845 996 981 1032 anulos
998 1001 1217 1032 transeant.
1273 997 1417 1031 servari

245 1081 293 1105 ea
312 1071 352 1104 in
371 1067 548 1104 lomento
569 1073 638 1103 aut
658 1065 789 1103 hieme
810 1068 850 1101 in
869 1065 1007 1116 paleis,
1027 1070 1182 1102 aestate
1203 1063 1418 1101 furfuribus

246 1137 519 1180 utilissimum;
550 1136 630 1173 sale
649 1138 841 1172 exinaniri
857 1135 1083 1172 creduntur.

297 1206 480 1243 LXXXI.
510 1206 722 1242 Volucrum
797 1204 941 1241 animal
1015 1207 1119 1254 parit
1193 1203 1418 1254 vespertilio

244 1282 418 1321 tantum,
439 1277 500 1312 cui
523 1281 565 1312 et
585 1276 842 1312 membranae
863 1287 937 1311 ceu
956 1285 1136 1324 pennae3
1173 1273 1315 1310 eadem
1337 1272 1417 1309 sola

246 1345 446 1382 volucrum
461 1344 565 1381 lacte
581 1346 708 1381 nutrit
723 1344 847 1380 ubera
863 1343 1089 1380 admovens.
1143 1339 1275 1392 parit1
1296 1344 1419 1392 gemi-

245 1427 337 1458 nos3
392 1414 532 1451 volitat
574 1413 758 1463 amplexa
798 1412 972 1449 infantes
1013 1424 1227 1462 secumque
1269 1416 1414 1461 portat.

246 1485 376 1522 eidem
400 1483 594 1521 coxendix
616 1497 694 1520 una
714 1482 885 1519 traditur
906 1482 1022 1519 esse.2
1062 1484 1103 1517 in
1122 1482 1257 1518 cibatu
1277 1480 1418 1517 culices

247 1556 471 1605 gratissimi.

298 1623 503 1660 LXXXII.
540 1623 687 1659 Rursus
740 1624 779 1658 in
831 1622 1083 1658 terrestribus
1137 1634 1210 1657 ova
1262 1622 1419 1670 pariunt

247 1699 467 1743 serpentes,
499 1693 548 1729 de
581 1693 723 1742 quibus
755 1691 930 1728 nondum
962 1690 1113 1727 dictum
1146 1695 1218 1727 est.
1273 1695 1418 1726 coeunt

247 1762 470 1813 complexu,
510 1762 610 1799 adeo
649 1760 955 1798 circumvolutae
995 1761 1066 1797 sibi
1108 1762 1216 1809 ipsae
1257 1765 1301 1796 ut
1341 1772 1419 1796 una

349 1873 359 1891 1
385 1873 547 1904 Mueller:
572 1882 705 1913 parens.
864 1871 875 1887 ²
902 1870 1056 1910 Jl'ayhoff
1068 1883 1074 1901 :
1100 1869 1249 1900 traditur
1265 1875 1309 1900 et.

728 1994 741 2007 ‘⁸
765 1989 856 2028 See§
880 1990 949 2020 160.

247 2056 315 2100 39'0‘
