1482 2312
672 488 834 526 LIBER
873 488 928 525 IX

174 595 189 627 1
263 589 293 627 Ι.
324 590 564 628 ANIMALmM
605 604 708 641 quae
747 593 954 628 terrestria
994 589 1282 640 appellavimus
1320 588 1388 627 ho-

213 662 364 696 minum
423 660 596 710 quadam
655 662 906 696 consortione
965 658 1157 709 degentia
1215 658 1390 695 indicata

213 734 357 765 natura
383 734 456 766 est.
513 742 562 765 ex
589 728 749 778 reliquis
776 730 959 766 minimas
985 740 1071 765 esse
1098 727 1274 765 volucres
1299 740 1390 764 con-

214 800 335 834 venit.
391 798 651 847 quamobrem
684 799 792 846 prius
825 810 1043 847 aequorum
1077 799 1253 833 amnium
1283 802 1388 846 stag-

213 879 434 916 norumque
453 866 648 903 dicentur.

172 940 192 970 2
263 934 363 971 Sunt
381 941 519 972 autem
534 935 738 984 complura
756 938 795 971 in
811 934 871 971 his
887 937 1038 971 maiora
1055 937 1177 971 etiam
1193 936 1391 971 terrestri·

214 1003 298 1041 bus.
354 1017 474 1041 causa
492 1003 653 1040 evidens
671 1007 817 1040 umoris
835 1003 1002 1040 luxuria.
1057 1003 1135 1040 alia
1151 1016 1234 1040 sors
1251 1003 1390 1040 alitum

214 1073 357 1122 quibus
388 1075 469 1109 vita
498 1072 778 1122 pendentibus.
836 1075 874 1108 in
904 1075 1002 1110 mari
1032 1078 1166 1109 autem
1197 1078 1282 1108 tam
1311 1071 1392 1109 late

213 1144 354 1191 supino
392 1141 582 1191 mollique
625 1155 670 1178 ac
712 1141 833 1178 fertili
872 1144 1133 1184 nutrimento,
1170 1143 1392 1190 accipiente

212 1224 352 1247 causas
365 1210 564 1260 genitales
579 1223 600 1247 e
613 1210 770 1247 sublimi
785 1223 1023 1259 semperque
1037 1212 1221 1259 pariente
1234 1216 1392 1252 natura,

215 1279 407 1329 pleraque
433 1282 555 1316 etiam
581 1279 824 1316 monstrifica
849 1281 1102 1327 reperiuntur
1126 1278 1326 1328 perplexis
1351 1284 1393 1315 et

213 1351 252 1384 in
280 1354 409 1385 semet
437 1348 555 1385 aliter
582 1354 706 1398 atque
734 1349 852 1384 aliter
880 1360 982 1384 nunc
1011 1347 1108 1384 flatu
1137 1360 1240 1384 nunc
1268 1346 1390 1384 fluctu

211 1417 432 1454 convolutis
465 1417 680 1453 seminibus
714 1422 837 1465 atque
872 1419 1084 1465 principiis,
1118 1429 1211 1453 vera
1243 1423 1287 1452 ut
1321 1415 1391 1452 fiat.

213 1485 316 1535 vulgi
340 1488 472 1534 opinio
495 1485 682 1534 quicquid
712 1491 899 1521 nascatur
921 1487 958 1520 in
982 1491 1097 1533 parte
1119 1490 1289 1521 naturae
1311 1483 1390 1521 ulla

213 1560 255 1591 et
289 1557 327 1590 in
359 1556 455 1590 mari
493 1567 592 1595 esse,
623 1559 864 1602 praeterque
899 1552 1024 1590 multa
1059 1566 1162 1602 quae
1197 1565 1391 1603 nusquam

171 1629 190 1659 3
210 1622 315 1659 alibi.
375 1635 503 1658 rerum
533 1621 709 1671 quidem,
739 1635 814 1658 non
843 1622 969 1658 solum
998 1622 1247 1663 animalium,
1275 1624 1390 1659 simu-

211 1690 315 1727 lacra
363 1694 490 1727 inesse
539 1690 628 1727 licet
678 1690 913 1739 intellegere
965 1689 1213 1726 intuentibus
1261 1702 1392 1732 uvam,

209 1759 402 1810 gladium,
428 1759 609 1800 serram,1
636 1762 817 1795 cucumin
847 1771 939 1795 vero
969 1764 1009 1795 et
1039 1758 1169 1794 colore
1200 1765 1239 1794 et
1272 1757 1393 1795 odore

212 1828 402 1865 similem:
442 1841 520 1876 quo
560 1831 687 1864 minus
728 1831 915 1864 miremur
951 1839 1143 1876 equorum
1181 1829 1316 1876 capita
1355 1830 1393 1862 in

212 1903 295 1933 tam
315 1899 445 1945 parvis
465 1900 640 1932 eminere
658 1896 811 1932 cocleis.

621 2006 634 2023 ²
657 2004 824 2035 Raclcham
839 2017 846 2036 ι
871 2014 990 2036 serras.

215 2067 281 2109 164
