1482 2312
187 737 225 768 13

187 1228 225 1260 14

187 1600 225 1631 15

448 137 613 176 PLINY
627 152 636 175 z
688 138 950 176 NATURAL
986 138 1221 176 HISTORY

252 255 382 279 rerum
410 248 454 278 ut
483 254 606 290 prope
635 254 684 278 ex
712 241 853 278 umbra
879 244 1042 278 minima
1070 241 1248 278 animalis
1275 244 1419 278 incom—

250 302 426 352 parabile
481 302 656 340 effeeerit
709 302 911 352 quiddam.
966 316 1063 352 quos
1117 304 1312 339 efficaciae
1363 305 1421 339 in-

250 364 507 413 dustriaeque
531 370 672 400 tantae
695 377 970 413 comparemus
994 377 1147 407 nervos,
1172 377 1269 414 quas
1292 362 1420 401 vires?

250 439 348 475 quos
371 428 526 462 ratione
547 425 700 462 medius
723 425 838 462 fidius
857 428 903 462 iis
919 425 933 448 1
955 428 1068 468 viros,
1087 424 1160 462 hoc
1179 431 1289 462 certe
1308 438 1421 475 prae-

251 487 510 523 stantioribus
529 487 636 536 quod
651 486 666 509 2
684 486 781 523 nihil
799 499 944 523 novere
962 489 1034 523 nisi
1053 486 1289 523 commune?
1343 499 1421 524 non

250 550 300 584 sit
337 547 388 584 de
424 551 556 584 anima
593 551 797 598 quaestio:
845 554 1003 585 constet
1041 554 1082 585 et
1118 548 1168 585 de
1204 551 1420 598 sanguine3

251 609 487 659 quantulum
502 615 641 646 tamen
658 622 744 646 esse
759 612 799 645 in
812 609 978 646 tantulis
993 615 1128 658 potest
1143 610 1150 646 !
1166 612 1420 647 aestimemus

251 677 340 720 post
355 683 402 707 ea
416 673 634 720 ingenium.

301 731 347 769 V.
377 732 521 769 Hieme
571 732 954 769 conduntur—unde
1006 735 1111 769 enim
1162 732 1212 769 ad
1262 735 1421 782 pruinas

249 796 437 843 nivesque
468 800 509 831 et
535 794 765 843 aquilonum
790 793 907 830 flatus
933 793 1215 844 perferendos³
1244 796 1344 830 vires
1357 793 1422 829 ἓ-

249 867 344 892 sane
365 861 405 892 et
425 858 576 892 insecta
597 859 741 899 omnia,
757 855 827 892 sed
846 858 974 892 minus
995 856 1061 892 diu
1082 869 1184 905 quae
1204 855 1422 905 parietibus

249 919 391 953 nostris
424 917 625 953 occultata
658 923 814 953 mature
846 917 1057 966 tepefiunt.
1091 920 1193 953 eirca
1225 930 1320 966 apes
1352 922 1423 953 aut

248 984 474 1027 temporum
488 978 712 1015 locorumve
727 981 830 1015 ratio
845 984 1002 1015 mutata
1018 984 1092 1022 est,
1107 985 1176 1015 aut
1192 983 1421 1015 erraverunt

250 1043 410 1089 priores.
464 1040 689 1076 conduntur
730 1053 753 1076 a
795 1040 1047 1090 vergiliarum
1090 1053 1244 1083 occasu,
1287 1045 1328 1076 et
1367 1039 1422 1075 la—

248 1106 337 1138 tent
378 1101 483 1138 ultra
524 1101 862 1138 exortum—adeo
903 1115 981 1138 non
1022 1101 1072 1138 ad
1113 1104 1214 1138 veris
1253 1104 1423 1145 initium,

249 1168 294 1199 ut
315 1163 577 1200 dixere—nec
600 1166 807 1213 quisquam
829 1166 869 1199 in
893 1163 1010 1200 Italia
1032 1163 1081 1200 de
1103 1163 1198 1199 alvis
1221 1165 1422 1200 existimat

251 1230 345 1261 ante
373 1223 486 1261 fabas
515 1224 715 1261 florentes.
773 1231 921 1261 exeunt
951 1224 1002 1262 ad
1029 1238 1150 1274 opera
1187 1230 1227 1261 et
1254 1224 1422 1267 labores,

249 1286 473 1336 nullusque,
505 1300 595 1323 cum
628 1300 699 1336 per
730 1287 885 1323 caelum
918 1286 1042 1330 licuit,
1075 1289 1156 1323 otio
1189 1289 1293 1336 perit
1325 1286 1421 1323 dies.

248 1351 418 1397 primum
453 1347 562 1385 favos
597 1354 846 1392 construunt,
879 1361 1011 1385 ceram
1048 1348 1217 1398 fingunt,
1251 1347 1324 1384 hoc
1361 1354 1422 1385 est

248 1409 385 1447 domos
403 1410 604 1460 cellasque
624 1410 789 1454 faciunt,
809 1410 900 1447 dein
921 1410 1113 1453 subolem,
1132 1416 1271 1459 postea
1290 1409 1423 1453 mella,

247 1485 380 1508 ceram
414 1485 463 1508 ex
498 1472 670 1516 floribus,
704 1471 949 1522 melliginem
983 1485 1005 1508 a
1036 1471 1206 1508 lacrimis
1239 1471 1422 1508 arborum

249 1546 351 1583 quae
372 1533 572 1583 glutinum
593 1537 766 1583 pariunt,
788 1534 929 1577 salicis,
943 1532 1296 1579 ulmi‚harundinis
1316 1546 1423 1578 suco,

247 1599 406 1639 cummi,
451 1599 592 1633 resina.
646 1595 705 1633 his
750 1599 921 1645 primum
968 1595 1098 1632 alvum
1144 1599 1270 1644 ipsam
1315 1598 1422 1632 intus

249 1662 378 1694 totam
393 1657 410 1680 4
428 1663 472 1694 ut
493 1657 665 1707 quodam
681 1660 850 1694 tectorio
866 1657 1051 1701 inlinunt,
1067 1663 1108 1694 et
1124 1657 1209 1694 aliis
1224 1659 1422 1693 amariori-

309 1754 322 1773 1
344 1754 384 1785 iis
400 1755 474 1785 add.
494 1754 655 1795 Mayhoff.
778 1754 790 1771 ²
811 1754 985 1802 Jiaykoff:
1010 1764 1105 1802 quo.-

306 1797 319 1815 ⁸
342 1797 432 1828 edda
455 1797 613 1838 perferre.
771 1797 783 1815 ⁴¹
805 1797 926 1837 Szllzq:
950 1800 1065 1828 totum
1083 1799 1130 1835 (m
1147 1800 1262 1828 totum
1278 1796 1375 1837 edd.).
1413 1819 1415 1822 .

331 1922 343 1934 ‘³
368 1916 414 1947 As
430 1928 449 1947 a
466 1920 593 1947 matter
609 1916 645 1947 of
659 1916 731 1947 fact
747 1916 864 1956 nearly
881 1916 927 1947 all
942 1917 1066 1947 insects
1083 1916 1137 1947 die
1152 1916 1188 1946 in
1203 1916 1332 1947 winter.

333 1957 345 1977 ¹³
368 1959 483 1990 About
499 1959 558 1989 the
574 1959 755 2000 beginning
772 1958 810 1989 of
822 1958 1024 1990 November.

335 2008 344 2020 ⁶
367 2002 482 2033 About
496 2002 555 2033 the
569 2002 750 2043 beginning
764 2001 802 2033 of
811 2002 901 2043 May.

247 2076 318 2111 440
