1482 2312
424 95 590 134 PLINY
604 110 612 134 :
661 96 923 134 NATURAL
957 96 1192 134 HISTORY

227 199 417 237 defuncto
447 198 573 248 pallor
602 204 675 235 est.
728 211 820 235 caro
849 200 889 234 in
918 201 1050 247 capite
1081 205 1123 235 et
1152 198 1321 236 maxillis
1350 205 1392 237 et

227 263 279 300 ad
321 264 618 299 commissuram
661 261 814 298 caudae
858 261 1072 298 admodum
1117 265 1276 312 exigua,
1319 276 1392 300 nec

226 326 348 363 aliubi
368 332 456 362 toto
476 337 661 374 corpore3
695 328 855 375 sanguis
877 328 916 361 in
937 325 1054 362 corde
1076 331 1118 362 et
1138 329 1241 362 circa
1261 326 1392 364 oculos

226 396 409 433 tantum3
463 392 612 426 viscera
651 391 735 426 sine
776 388 925 438 splene.
979 388 1152 426 hibernis
1192 391 1392 428 mensibus

225 454 329 490 latet
352 459 397 490 ut
418 453 581 489 lacerta.

146 524 206 555 123
278 517 367 554 LII.
399 518 537 554 Mutat
562 516 710 553 colores
739 522 780 553 et
807 515 1043 566 Scytharum
1069 517 1294 563 tarandrus,
1320 531 1393 556 nec

228 581 336 618 aliud
356 594 406 618 ex
426 584 471 618 iis
492 593 595 630 quae
614 580 694 629 pilo
715 583 938 617 vestiuntur
957 584 1029 618 nisi
1051 584 1089 617 in
1112 581 1218 619 Indis
1238 582 1393 632 lycaon,

227 648 289 682 cui
316 645 454 681 iubata
478 644 651 681 traditur
676 647 819 681 cervix.
875 657 968 681 nam
994 644 1123 689 thoes,
1149 646 1394 695 —luporum

228 709 267 746 id
288 722 414 759 genus
436 715 496 745 est
516 711 715 758 procerius
735 708 998 758 longitudine,
1018 709 1217 747 brevitate
1237 724 1394 747 crurum

228 773 430 816 dissimile,
475 773 590 809 velox
634 772 753 816 saltu,
798 778 945 809 venatu
991 776 1138 817 vivens,
1183 777 1395 811 innocuum

228 837 391 881 homini,
405 860 455 864 —
469 836 665 879 habitum,
680 849 759 873 non
773 836 957 881 colorem,
973 843 1145 881 mutant,
1159 851 1232 887 per
1245 837 1394 876 hiemes

147 907 209 937 124
227 901 334 945 hirti,
381 907 537 938 aestate
585 901 691 937 nudi.
754 900 943 938 tarandro
1000 902 1233 951 magnitudo
1293 916 1395 953 quae

229 966 318 1002 bovi
368 971 442 1009 est,
495 971 616 1014 caput
676 967 802 1002 maius
862 968 1019 1002 cervino
1074 979 1147 1003 nec
1203 966 1395 1010 absimile,

228 1043 375 1066 cornua
400 1042 569 1073 ramosa,
596 1028 769 1079 ungulae
795 1029 955 1073 bifidae,
982 1029 1094 1067 villus
1120 1031 1396 1080 magnitudine

230 1106 408 1130 ursorum
427 1093 511 1136 sed,
530 1106 620 1130 cum
638 1092 754 1129 libuit
774 1095 832 1130 sui
851 1093 990 1130 coloris
1012 1107 1111 1138 esse,
1130 1097 1227 1131 asini
1247 1095 1394 1132 similis.

229 1160 377 1208 tergori
415 1163 532 1194 tanta
570 1157 717 1194 duritia
756 1163 800 1194 ut
838 1156 1021 1195 thoraces
1061 1171 1109 1195 ex
1149 1171 1196 1195 eo
1233 1158 1394 1196 faciant.

229 1221 400 1258 colorem
433 1224 608 1258 omnium
641 1221 839 1265 arborum,
871 1220 1072 1266 fruticum,
1105 1222 1244 1259 florum
1274 1223 1396 1260 locor-

231 1299 378 1335 umque
400 1285 531 1322 reddit
552 1291 736 1322 metuens
758 1288 798 1321 in
820 1286 960 1335 quibus
981 1286 1098 1330 latet,
1119 1286 1289 1337 ideoque
1308 1301 1396 1324 raro

230 1352 396 1399 capitur.
451 1352 593 1386 mirum
625 1355 730 1386 esset
759 1348 941 1386 habitum
971 1353 1121 1400 corpori
1151 1357 1236 1387 tam
1265 1351 1396 1388 multi-

230 1413 373 1463 plicem
395 1413 494 1457 dari,
515 1413 731 1450 mirabilius
755 1419 815 1450 est
838 1419 880 1451 et
901 1414 1004 1451 villo.

150 1483 211 1513 125
283 1477 394 1514 LIII.
424 1478 630 1528 Hystrices
659 1483 827 1528 generat
857 1478 971 1515 India
1000 1484 1042 1516 et
1070 1478 1205 1516 Africa
1233 1481 1396 1529 spineal

231 1547 436 1579 contectas
470 1542 594 1579 cute2
629 1544 901 1579 irenaceorum
935 1556 1097 1593 genere,
1131 1543 1202 1581 sed
1235 1543 1396 1594 hystrici

232 1605 428 1656 longiores
459 1606 586 1642 aculei
619 1612 674 1650 et,
705 1619 795 1642 cum
827 1606 1000 1643 intendit
1031 1612 1179 1652 cutem,
1211 1607 1397 1646 missiles:

232 1683 301 1706 ora
313 1673 569 1720 urguentium
583 1670 668 1720 figit
680 1683 824 1706 canum
839 1676 879 1707 et
891 1671 1010 1720 paulo
1022 1671 1176 1722 longius
1189 1672 1395 1710 iaculatur.

233 1732 405 1771 hibernis
442 1740 579 1771 autem
614 1747 657 1771 se
693 1734 894 1772 mensibus
930 1735 1078 1779 condit,
1116 1749 1219 1786 quae
1254 1741 1398 1774 natura

232 1797 366 1835 multis
387 1803 429 1835 et
448 1803 543 1835 ante
563 1801 693 1834 omnia
713 1801 823 1835 ursis.

373 1873 386 1892 1
409 1873 462 1904 v.l.
479 1873 588 1915 spina.
783 1873 796 1891 ²
820 1873 996 1914 Mayhoff:
1020 1878 1177 1907 contecta
1193 1885 1266 1908 acu.

640 1963 655 1978 ⁰
677 1959 757 1991 This
775 1960 802 1990 is
820 1964 880 1991 not
898 1964 983 1992 true.

235 2005 280 2041 88
