1482 2312
121 901 183 931 242

120 1320 181 1351 243

119 1597 182 1629 244

404 166 593 204 PLINY:
645 167 908 205 NATURAL
947 165 1184 205 HISTORY

207 283 229 307 e
244 268 260 293 1
281 270 401 314 lacte,
423 269 669 307 Sarsinatem
692 283 741 307 ex
765 270 948 314 Umbria,
969 273 1176 321 mixtoque
1198 270 1383 309 Etruriae

205 346 328 390 atque
376 339 562 390 Liguriae
608 339 777 376 confinio
822 339 1064 377 Luniensem
1107 341 1383 391 magnitudine

205 411 476 459 conspicuum,
502 411 650 459 quippe
678 415 719 446 et
746 409 797 446 ad
823 409 979 459 singula
1005 409 1114 446 milia
1138 409 1271 459 pondo
1296 424 1384 460 pre-

206 482 349 522 mitur3
388 481 612 528 proximum
637 485 774 516 autem
799 479 884 515 urbi
911 479 1135 523 Vestinum,
1159 492 1332 530 eumque
1361 494 1383 517 e

205 548 390 585 Caedicio
415 562 557 598 campo
582 548 912 585 laudatissimum.
967 554 1010 586 et
1027 561 1236 598 caprarum
1255 552 1384 600 gregi-

206 619 279 655 bus
299 632 370 655 sua
389 617 475 655 laus
496 624 571 662 est,
591 621 630 654 in
650 621 802 655 recenti
822 620 996 655 maxime
1016 624 1192 669 augente
1211 621 1384 669 gratiam

205 687 329 732 fumo,
353 687 481 737 qualis
506 690 545 723 in
570 690 655 737 ipsa
680 687 778 724 urbe
802 687 1009 724 conficitur
1032 690 1184 725 cunctis
1208 687 1384 738 praefer-

206 757 343 794 endus.
401 770 493 793 nam
528 757 800 794 Gallicarum2
833 770 949 806 sapor
986 757 1268 794 medicamenti
1305 760 1383 794 vim

205 829 375 876 optinet.
423 832 534 863 trans
550 829 675 862 maria
691 839 784 863 vero
800 825 996 877 Bithynus
1012 825 1096 864 fere
1112 829 1151 863 in
1166 826 1293 878 gloria
1309 833 1381 864 est.

204 898 333 933 inesse
371 896 527 945 pabulis
565 895 705 940 salem,
739 898 863 932 etiam
901 896 968 932 ubi
1006 909 1085 933 non
1123 896 1294 941 videtur,
1327 899 1384 934 ita

205 968 379 1002 maxime
397 965 661 1016 intellegitur,
679 968 784 1002 omni
803 968 842 1001 in
859 965 984 1002 salem
1001 979 1117 1002 caseo
1135 972 1383 1010 senescente,

207 1035 344 1086 quales
371 1035 500 1072 redire
527 1038 566 1071 in
594 1041 796 1072 musteum
823 1048 1006 1085 saporem
1033 1041 1148 1073 aceto
1175 1041 1217 1073 et
1242 1035 1384 1086 thymo

206 1111 428 1142 maceratos
480 1111 636 1142 certum
690 1111 763 1142 est.
838 1105 1004 1142 tradunt
1057 1105 1291 1142 Zoroastren
1343 1108 1383 1142 in

204 1175 373 1212 desertis
410 1188 527 1212 caseo
566 1177 709 1212 vixisse
748 1177 860 1212 annis
898 1188 946 1211 xx
979 1177 1036 1211 ita
1073 1180 1301 1224 temperato
1337 1181 1383 1212 ut

205 1250 451 1282 vetustatem
474 1258 552 1281 non
573 1247 754 1282 sentiret.

252 1314 438 1351 XCVIII.
467 1314 731 1351 Terrestrium
787 1314 891 1351 solus
947 1313 1065 1351 homo
1115 1314 1250 1364 bipes;
1315 1317 1382 1351 uni

203 1383 397 1434 iugulum,
429 1386 554 1421 umeri
588 1384 748 1433 (ceteris
787 1385 916 1433 armi),
948 1386 1015 1420 uni
1053 1383 1184 1420 ulnae.
1239 1384 1381 1434 quibus

203 1453 433 1490 animalium
453 1466 594 1490 manus
614 1459 721 1497 sunt,
740 1455 847 1490 intus
865 1459 1026 1490 tantum
1044 1466 1247 1497 carnosae,
1267 1459 1381 1490 extra

203 1525 331 1560 nervis
352 1529 393 1560 et
413 1528 506 1560 cute
525 1528 722 1560 constant.

251 1592 395 1629 XCIX.
427 1593 553 1643 Digiti
592 1592 829 1642 quibusdam
868 1595 906 1628 in
943 1592 1125 1629 manibus
1169 1595 1265 1629 seni.
1321 1592 1379 1629 M.

202 1662 361 1699 Coranii
390 1675 439 1699 ex
467 1664 634 1711 patricia
659 1668 783 1712 gente
810 1662 908 1699 filias
934 1662 1032 1699 duas
1052 1662 1102 1698 ob
1122 1661 1163 1698 id
1182 1661 1380 1712 Sedigitas

202 1734 416 1781 accipimus
440 1731 681 1781 appellatas,
705 1737 747 1768 et
772 1730 995 1768 Volcatium
1016 1729 1239 1781 Sedigitum
1262 1731 1379 1768 inlus-

201 1807 305 1838 trem
348 1803 386 1837 in
426 1803 596 1850 poetica.
663 1800 831 1837 hominis
870 1801 983 1851 digiti
1022 1806 1157 1838 ternos
1195 1800 1379 1838 articulos

202 1870 368 1915 habent,
401 1870 533 1920 pollex
566 1870 694 1914 binos,
727 1876 769 1907 et
802 1870 936 1920 digitis
969 1870 1156 1907 adversus
1189 1873 1378 1907 universis

202 1940 391 1984 flectitur,
417 1953 488 1990 per
513 1953 555 1977 se
582 1953 675 1976 vero
701 1942 740 1975 in
767 1940 938 1976 oblicum
964 1942 1192 1990 porrigitur,
1215 1942 1378 1977 crassior

350 2027 360 2045 ¹
383 2026 458 2057 add.
475 2026 556 2056 dan.
783 2026 793 2043 ²
816 2025 1006 2057 Rackham:
1033 2025 1228 2057 Galliarum.

201 2089 269 2136 584
