1482 2312
156 674 198 704 90

157 1300 195 1331 91

157 1787 198 1817 92

420 148 586 186 PLINY
601 162 608 186 :
658 149 921 187 NATURAL
956 148 1189 187 HISTORY

221 253 330 302 gravi
363 254 504 301 capitis
535 251 670 295 odore,
701 252 751 288 ob
783 251 855 289 hoc
890 254 1063 289 maxime
1098 254 1270 288 murenis
1302 264 1389 288 eam

221 321 555 358 consectantibus.

274 389 411 440 Polypi
435 390 535 427 binis
558 391 758 427 mensibus
781 390 1016 427 conduntur.
1071 389 1175 426 ultra
1196 390 1389 427 bimatum

223 472 301 496 non
330 463 489 502 vivunt3
532 466 702 509 pereunt
732 466 868 497 autem
895 460 991 497 tabe
1019 472 1190 509 semper,
1218 458 1390 496 feminae

222 529 389 566 celerius
411 535 452 566 et
473 529 557 566 fere
578 542 601 566 a
621 535 750 579 partu.

276 598 364 635 Non
389 604 481 636 sunt
508 599 800 648 praetereunda
827 604 868 636 et
896 598 940 635 L.
970 598 1133 635 Lucullo
1158 599 1390 648 proconsule

224 668 413 705 Baeticae
436 675 640 718 comperta
663 669 713 705 de
736 668 890 719 polypis
914 681 1015 718 quae
1038 668 1202 705 Trebius
1226 667 1348 718 Niger
1371 681 1392 705 e

223 738 434 775 comitibus
452 741 534 775 eius
552 738 748 788 prodidit:
779 738 1022 775 aw’djssimos
1040 750 1125 775 esse
1141 736 1392 781 concharum,

223 807 310 844 illas
354 807 404 844 ad
446 814 600 845 tactum
643 810 847 858 comprimi
890 807 1168 857 praecidentes
1210 806 1392 844 bracchia

226 890 361 914 eorum
383 877 566 928 ultroque
587 891 717 914 escam
739 891 788 914 ex
807 877 1028 927 praedante
1047 890 1202 927 capere.
1255 882 1393 914 carent

224 946 399 984 conchae
414 950 497 984 visu
513 950 699 997 omnique
713 960 831 984 sensu
846 947 922 984 alio
937 960 1056 997 quam
1071 947 1146 983 cibi
1162 952 1203 983 et
1217 946 1392 996 periculi.

225 1016 461 1053 insidiantur
491 1030 584 1067 ergo
621 1017 753 1067 polypi
786 1019 948 1066 apertis,
973 1019 1237 1066 impositoque
1260 1015 1393 1066 lapillo

226 1092 341 1123 extra
385 1100 539 1136 corpus,
579 1100 628 1123 ne
669 1087 867 1136 palpitatu
911 1089 1124 1130 eiciantur;
1167 1088 1225 1122 ita
1268 1088 1392 1123 securi

225 1162 456 1206 grassantur
496 1156 794 1206 extrahuntque
833 1168 993 1200 carnes3
1045 1155 1138 1192 illae
1177 1169 1219 1192 se
1257 1161 1394 1192 contra

226 1224 340 1267 hunt,
389 1226 459 1263 sed
507 1226 666 1270 frustra,
715 1226 994 1263 discuneatae:
1056 1231 1172 1262 tanta
1219 1224 1394 1262 sollertia

225 1295 455 1332 animalium
470 1295 734 1333 hebetissimis
749 1309 907 1346 quoque
922 1301 994 1332 est.
1050 1300 1260 1344 praeterea
1272 1300 1394 1344 negat

226 1365 349 1402 ullum
367 1368 537 1402 atrocius
557 1379 642 1403 esse
660 1365 806 1402 animal
823 1365 873 1402 ad
889 1364 1178 1402 conficiendum
1194 1363 1394 1400 hominem

226 1437 266 1470 in
281 1448 385 1485 aqua
399 1448 407 1478 ;
435 1435 608 1472 luctatur
625 1438 729 1472 enim
744 1435 953 1484 complexu
971 1440 1011 1471 et
1027 1434 1161 1471 sorbet
1177 1433 1395 1470 acetabulis

226 1517 271 1541 ac
318 1518 526 1542 numeroso
573 1511 687 1542 suctu
733 1503 949 1548 distrahit,l
985 1517 1074 1540 cum
1109 1506 1149 1540 in
1184 1502 1395 1553 naufragos

226 1577 470 1612 urinantisve
527 1577 721 1624 impetum
776 1577 895 1623 cepit.
950 1573 1021 1610 sed
1076 1575 1105 1610 si
1162 1575 1395 1616 invertatur,

226 1643 473 1694 elanguescit
514 1647 590 1688 vis;
643 1647 901 1694 exporrigunt
941 1646 1046 1680 enim
1084 1656 1126 1680 se
1165 1644 1393 1692 resupinati.

225 1720 360 1750 cetera
389 1727 491 1764 quae
520 1714 625 1751 idem
654 1714 791 1751 retulit
819 1719 995 1750 monstro
1023 1715 1204 1762 propiora
1231 1717 1395 1761 possunt

227 1783 361 1821 videri.
417 1783 602 1821 Carteiae
623 1787 662 1820 in
683 1786 840 1821 cetariis
862 1789 1043 1820 assuetus
1065 1785 1174 1819 exire
1195 1794 1217 1819 e
1238 1783 1336 1818 mari
1356 1783 1394 1817 in

510 1886 523 1906 ¹
546 1886 593 1917 sic
609 1885 663 1926 (cf.
682 1885 696 1923 ἓ
712 1885 794 1925 27)·2
811 1884 983 1925 Mayhoff:
1009 1883 1125 1915 trahit.

553 2011 567 2025 '³
594 2004 679 2036 Now
692 2003 878 2041 Rocadfflo,
892 2004 926 2035 in
938 2003 1052 2044 Spain.

227 2077 294 2102 222
