1482 2368
415 153 580 192 PLINY
594 168 603 192 ε
652 154 915 192 NATURAL
949 153 1183 192 HISTORY

216 270 440 307 magnaque
471 269 520 294 ex
549 262 664 306 parte
694 259 856 293 orientis
884 255 992 294 bella
1019 256 1255 293 conficiunt:
1297 269 1385 306 pro-

216 321 399 352 sternunt
434 317 551 359 acies,
586 320 795 364 proterunt
829 320 1014 351 armatos.
1069 314 1189 351 iidem
1224 316 1385 351 minimo

217 376 294 410 suis
316 373 482 410 stridore
504 378 728 416 terrentur3
765 372 1041 422 vulneratique
1065 378 1106 409 et
1127 375 1255 409 territi
1279 378 1385 409 retro

217 445 373 481 semper
388 432 535 469 cedunt
552 431 649 468 haut
666 434 816 468 minore
834 433 1007 481 partium
1024 444 1183 468 suarum
1199 433 1384 480 pernicie.

220 491 398 527 Indicum
423 490 544 527 Africi
569 496 716 540 pavent
741 503 813 527 nec
837 492 1016 527 contueri
1041 489 1205 534 audent,
1228 502 1322 526 nam
1346 495 1387 527 et

218 552 341 586 maior
359 549 502 586 Indicis
519 548 753 599 magnitudo
772 554 844 586 est.

268 608 316 644 X.
348 608 499 645 Decem
517 611 628 645 annis
646 614 805 658 gestare
823 611 862 644 in
880 614 994 645 utero
1012 607 1152 658 vulgus
1171 610 1388 652 existimat,

218 666 454 703 Aristoteles
466 667 640 709 biennio,
657 679 729 703 nec
746 666 914 715 amplius
932 679 1050 716 quarn
1069 665 1208 716 [semel
1223 668 1389 716 gignere

217 725 429 774 pluresque
470 724 604 775 quam]
622 725 634 748 1
676 725 863 775 singulos,
904 728 1034 762 vivere
1074 724 1236 762 ducenis
1277 728 1388 762 annis

220 789 261 820 et
301 783 492 832 quosdam
532 797 607 821 ccc.
663 786 826 820 iuventa
878 796 1014 820 eorum
1065 796 1087 819 a
1138 786 1387 833 sexagesimo

219 844 367 891 incipit.
424 841 612 878 Gaudent
641 842 822 878 amnibus
851 845 1024 878 maxime
1053 847 1095 879 et
1122 845 1225 878 circa
1254 842 1389 880 fluvios

219 905 427 949 vagantur,
452 913 541 936 cum
567 899 741 950 alioquin
766 913 860 936 nare
885 906 1048 949 propter
1072 900 1389 950 magnitudinem

218 961 388 1007 corporis
433 972 510 994 non
554 962 718 1007 possint,
762 958 882 995 iidem
926 958 1080 1009 frigoris
1124 961 1390 1008 inpatientes;

219 1019 436 1053 maximum
460 1016 532 1053 hoc
555 1017 718 1059 malum,
742 1016 1067 1067 inflationemque
1091 1023 1133 1054 et
1155 1017 1389 1067 profluvium

220 1075 294 1111 alvi
346 1089 417 1112 nec
468 1075 544 1112 alia
595 1076 819 1112 morborum
870 1089 1019 1126 genera
1069 1079 1259 1113 sentiunt.
1314 1076 1389 1114 olei

220 1139 317 1183 potu
347 1134 431 1171 tela
461 1147 563 1184 quae
593 1137 744 1183 corpori
776 1148 912 1172 eorum
942 1134 1177 1173 inhaereant
1207 1135 1390 1173 decidere

222 1195 391 1236 invenio,
422 1206 445 1229 a
475 1193 617 1230 sudore
649 1199 785 1230 autem
815 1193 968 1231 facilius
999 1193 1294 1231 adhaerescere.
1350 1200 1391 1232 et

220 1257 368 1287 terram
388 1251 515 1288 edisse
534 1254 578 1288 iis
596 1252 800 1289 tabificum
819 1258 893 1296 est,
912 1255 983 1289 nisi
1001 1255 1158 1302 saepius
1176 1253 1391 1296 mandant3

221 1309 414 1346 devorant
430 1316 565 1346 autem
582 1316 623 1347 et
636 1310 803 1359 lapides,
817 1316 977 1348 truncos
993 1311 1153 1361 quidem
1168 1314 1391 1361 gratissimo

221 1371 258 1404 in
284 1369 418 1405 cibatu
443 1368 607 1412 habent,
631 1369 783 1418 palmas
809 1369 1042 1406 excelsiores
1066 1369 1197 1407 fronte
1221 1376 1391 1420 proster—

223 1432 321 1463 nunt
345 1433 466 1477 atque
489 1430 546 1464 ita
567 1430 783 1464 iacentium
807 1428 1019 1465 absumunt
1043 1428 1228 1465 fructum.
1283 1442 1391 1466 man-

221 1485 321 1522 dunt
360 1499 440 1529 ore,
479 1489 630 1535 spirant
669 1492 710 1523 et
748 1487 891 1523 bibunt
930 1487 1245 1538 ordoranturque
1284 1487 1390 1525 haud

222 1546 418 1593 inproprie
435 1545 637 1594 appellata
652 1558 783 1582 manu.
839 1545 1068 1582 animalium
1083 1549 1255 1583 maxime
1272 1546 1391 1583 odere

222 1616 388 1646 murem,
415 1609 455 1640 et
480 1606 511 1640 si
537 1603 726 1652 pabulum
751 1606 790 1640 in
815 1607 1021 1654 praesepio
1047 1607 1220 1654 positum
1246 1607 1389 1656 attingi

223 1662 271 1697 ab
288 1674 334 1699 eo
350 1662 482 1699 videre
498 1661 718 1699 fastidiunt.
773 1666 991 1700 cruciatum
1006 1666 1046 1699 in
1060 1669 1157 1713 potu
1172 1666 1389 1700 maximum

647 1749 658 1768 ¹
682 1748 816 1780 Sedasa
831 1760 892 1781 om.
909 1750 962 1781 v.l.

267 1837 280 1851 ⁶
303 1833 383 1864 This
400 1834 426 1864 is
443 1838 503 1864 not
520 1834 580 1864 the
598 1845 682 1865 case.

264 1874 275 1893 '³
301 1876 399 1907 Some
413 1876 504 1907 MSS.
520 1878 596 1917 give
611 1877 618 1889 ‘
636 1887 737 1908 never
752 1877 832 1908 bear
846 1888 938 1908 more
953 1877 1036 1909 than
1052 1888 1134 1909 once
1149 1888 1186 1909 or
1201 1888 1292 1909 more
1306 1879 1391 1910 than

221 1929 284 1992 (ἔω
304 1924 386 1992 aa&
399 1920 481 1992 tliilne
496 1919 522 1956 ';
557 1920 617 1950 but
640 1920 829 1951 Aristotle's
849 1924 1037 1951 statement
1056 1921 1083 1951 is
1103 1931 1140 1951 as
1160 1920 1279 1958 above,
1302 1921 1390 1954 Hist.

258 1972 290 1993 nv.
306 1973 333 1992 θ’
449 1986 454 1992 .

268 2011 279 2023 ⁴·
300 2004 380 2035 This
397 2004 551 2040 mistake‚
570 2005 651 2035 with
667 2005 712 2035 all
728 2004 786 2036 the
804 2009 953 2041 context,
971 2006 998 2036 is
1013 2005 1101 2036 from
1118 2005 1289 2037 Aristotle.

227 2077 269 2100 22
