1482 2312
98 997 132 1027 17

139 996 152 1026 l

138 1316 156 1346 (ὗ)

374 141 540 179 PLINY
553 156 562 180 :
615 142 877 180 NATURAL
914 141 1150 180 HISTORY

179 247 377 282 asinorum
404 258 530 296 genus
557 248 783 282 tricensimo
810 257 947 282 mense
976 244 1156 283 similiter
1184 248 1349 291 amittit,

179 297 272 334 dein
303 300 408 335 senis
439 299 662 342 mensibus;
708 298 814 349 quod
845 300 877 335 si
907 311 986 335 non
1016 301 1124 349 prius
1156 312 1348 350 peperere

180 364 300 401 quam
317 351 506 389 decidant
522 354 727 402 postremi,
744 351 932 389 sterilitas
949 358 1071 389 certa.
1114 353 1235 390 boves
1252 353 1346 390 bimi

180 410 351 442 mutant.
406 406 527 442 subus
559 418 638 442 non
670 405 861 442 decidunt
893 418 1094 455 umquam.

231 458 457 509 Absumpta
484 458 557 495 hac
585 459 859 495 observatione
888 464 1072 495 senectus
1099 460 1139 494 in
1167 461 1278 508 equis
1307 465 1348 495 et

180 514 323 548 ceteris
361 514 547 548 veterinis
585 510 831 562 intellegitur
869 511 1050 548 dentium
1086 511 1348 556 brocchstate,

180 564 476 615 superciliorum
504 567 651 602 canitia
679 571 721 602 et
748 567 851 601 circa
881 578 927 601 ea
956 564 1117 609 lacunis,
1146 578 1236 602 cum
1264 564 1347 602 fere

181 629 245 653 xvl
275 631 467 654 annorum
496 621 786 655 existimantur.

230 670 446 708 Hominum
470 671 655 708 dentibus
680 671 880 722 quoddam
904 673 1008 708 inest
1030 674 1148 715 virus,
1173 684 1344 721 namque

181 730 222 760 et
253 724 401 775 speculi
431 727 601 762 nitorem
632 738 681 762 ex
713 725 876 761 adverso
907 724 1048 761 nudati
1077 723 1274 761 hebetant
1305 730 1346 762 et

179 776 449 814 columbarum
477 777 582 815 fetus
610 778 805 828 inplumes
833 783 989 814 necant.
1044 777 1196 827 reliqua
1223 777 1273 814 de
1300 779 1346 814 iis

180 832 220 866 in
247 834 505 881 generatione
534 831 738 868 hominum
760 831 868 868 dicta
890 837 994 868 sunt.
1050 831 1349 881 erumpentibus

180 885 306 921 morbi
361 898 523 935 corpora
575 883 788 921 infantium
839 884 1044 921 afficiunt}
1138 883 1319 935 [reliqua]
1336 884 1351 907 2

179 937 363 974 animalia
390 951 491 988 quae
518 944 688 975 serratos
714 937 865 975 habent
885 939 1110 975 saevissime
1130 937 1318 974 dentiunt
1334 937 1349 960 3

232 990 350 1028 LXV.
381 991 560 1042 Linguae
588 1005 667 1028 non
695 992 875 1028 omnibus
905 991 1047 1028 eodem
1074 990 1204 1028 modo.
1234 996 1349 1028 tenu-

180 1046 312 1081 issima
343 1046 592 1095 serpentibus
626 1051 667 1082 et
698 1044 873 1089 trisulca,
904 1045 1074 1088 vibrans,
1107 1046 1182 1081 atri
1213 1044 1350 1081 coloris

181 1103 237 1142 et,
261 1100 292 1134 si
318 1097 517 1143 extrahas,
541 1098 778 1149 praelonga3
818 1097 974 1135 lacertis
999 1097 1121 1134 bifida
1146 1103 1188 1134 et
1212 1096 1350 1148 pilosa,

181 1151 311 1188 vitulis
351 1165 508 1202 quoque
547 1154 706 1189 marinis
745 1151 915 1201 duplex3
970 1151 1040 1188 sed
1078 1164 1196 1201 supra
1234 1150 1351 1187 dictis

180 1203 446 1255 capillamenti
474 1207 686 1242 tenuitate.
732 1207 874 1242 ceteris
912 1204 963 1241 ad
992 1203 1352 1241 circumlambenda

181 1271 261 1302 ora,
296 1259 467 1308 piscibus
502 1258 619 1309 paulo
660 1261 789 1295 minus
830 1271 950 1308 quam
991 1263 1078 1294 tota
1119 1257 1350 1302 adhaerens,

179 1310 380 1348 crocodilis
396 1318 494 1348 tota.
550 1312 620 1349 sed
635 1314 674 1348 in
690 1317 855 1362 gustatu
871 1310 1028 1361 linguae
1044 1313 1128 1347 vice
1144 1324 1350 1348 carnosum

182 1364 420 1414 aquatilibus
452 1364 643 1416 palatum.
698 1365 889 1409 leonibus,
922 1365 1055 1414 pardis
1088 1365 1350 1414 omnibusque

181 1420 336 1468 generis
359 1421 455 1463 eius,
479 1421 601 1455 etiam
623 1418 778 1462 felibus,
801 1419 1032 1455 imbricatae
1056 1419 1282 1468 asperitatis
1306 1431 1351 1454 ac

182 1470 298 1508 limae
317 1471 452 1508 similis
472 1478 765 1522 attenuansque
785 1471 996 1508 lambendo
1015 1477 1149 1508 cutem
1168 1470 1350 1515 hominis,

182 1537 283 1575 quae
325 1538 443 1562 causa
485 1528 606 1562 etiam
648 1524 935 1569 mansuefacta,
979 1525 1044 1561 ubi
1087 1524 1137 1561 ad
1179 1526 1350 1561 vicinum

312 1643 323 1662 ¹
346 1643 530 1684 Detlefsen:
556 1644 738 1684 accipiunt.

308 1686 320 1704 ²
343 1686 414 1717 secl.
427 1687 442 1717 ?
465 1685 605 1717 Mueller
620 1690 655 1717 ut
670 1685 824 1717 iteratum
840 1685 900 1724 (vel
921 1684 1051 1726 <inter>
1072 1685 1225 1725 reliqua).

306 1731 317 1748 ³
340 1730 536 1760 saevissima
554 1729 714 1760 dentibus
732 1729 800 1760 edd.
821 1732 878 1761 vet.

250 1884 264 1898 '³
286 1881 333 1912 As
350 1892 370 1912 a
386 1884 513 1912 matter
529 1881 565 1912 of
579 1881 651 1912 fact
667 1881 750 1921 they
767 1891 823 1911 are
840 1891 932 1911 more
948 1879 1088 1921 prolific.

249 1922 261 1941 ⁰
283 1922 363 1954 This
379 1926 565 1954 statement
583 1923 609 1953 is
626 1932 815 1954 erroneous.

252 1970 264 1985 e

251 2010 263 2027 ‘¹
285 1965 577 2041 XInIeffiefrinlation
594 2010 688 2050 gives
708 2008 715 2020 ‘
731 2019 788 2040 are
806 2009 937 2040 fiercest
955 2008 1038 2039 with
1057 2007 1146 2040 their
1163 2007 1279 2039 teeth?

180 2075 249 2121 538
