1482 2312
144 593 201 622 157

145 977 204 1006 158

150 1554 209 1584 159

415 101 603 139 PLINY:
654 101 916 139 NATURAL
953 100 1185 138 HISTORY

221 207 408 248 venisset,
433 204 483 240 ab
509 216 611 253 equo
637 205 720 240 eius
744 203 887 239 ictibus
913 215 1125 251 morsuque
1149 201 1389 244 confectum,

221 269 342 304 alium
363 268 545 304 detracto
566 267 768 303 oculorum
789 269 1037 315 operimento
1059 271 1100 302 et
1121 268 1280 315 cognito
1300 278 1388 301 cum

222 338 350 369 matre
382 334 488 368 coitu
520 333 668 380 petisse
700 335 917 379 praerupta
949 335 1071 379 atque
1104 331 1388 366 exanimatum.

223 396 364 432 eadem
379 395 393 418 ¹
412 408 460 432 ex
475 408 593 431 causa
609 397 647 430 in
664 394 833 430 Reatino
850 407 944 443 agro
957 393 1177 429 laceratum
1193 395 1390 442 prorigam

223 462 454 496 invenimus.
510 471 682 507 namque
709 464 750 494 et
774 460 1056 507 cognationum
1083 456 1308 493 intellectus
1333 455 1391 492 his

225 529 299 567 est,
331 529 452 572 atque
485 525 522 558 in
554 535 676 572 grege
708 524 846 570 prioris
878 524 968 556 anni
1001 533 1172 557 sororem
1206 520 1392 557 libentius

223 590 344 623 etiam
391 600 511 636 quam
556 591 725 622 matrem
773 598 875 634 equa
920 587 1144 621 comitatur.
1211 584 1390 622 docilitas

224 657 338 687 tanta
360 656 420 687 est
441 656 484 686 ut
504 652 707 686 universus
727 648 952 699 Sybaritani
975 651 1171 685 exercitus
1193 650 1393 698 equitatus

225 715 276 751 ad
308 713 566 764 symphoniae
599 719 761 750 cantum
794 713 1008 749 saltatione
1042 712 1214 762 quadam
1247 714 1393 748 moveri

225 779 362 815 solitus
400 780 635 814 inveniatur.
691 777 797 813 idem
834 779 1091 826 praesagiunt
1127 789 1317 826 pugnam,
1354 781 1394 813 et

227 846 387 879 amissos
423 842 561 892 lugent
596 841 796 878 dominos:
845 840 1059 877 lacrimas2
1094 840 1293 877 interdum
1329 839 1395 877 de-

227 907 369 943 siderio
404 905 587 942 fundunt.
645 904 857 941 interfecto
893 904 1109 941 Nicomede
1145 917 1238 954 rege
1275 917 1395 954 equos

226 973 308 1007 eius
343 970 474 1007 inedia
509 972 630 1006 vitam
667 969 803 1005 finivit.
861 968 1103 1018 Phylarchus
1138 967 1262 1005 refert
1296 967 1396 1004 Cen-

226 1040 402 1071 taretum
423 1047 444 1070 e
464 1033 618 1070 Galatis
639 1037 677 1069 in
695 1033 844 1082 proelio
864 1036 989 1069 occiso
1009 1031 1206 1069 Antiocho
1224 1035 1397 1081 potitum

229 1112 330 1148 equo
345 1101 427 1135 eius
441 1097 715 1134 conscendisse
729 1103 930 1140 ovantem,
945 1102 986 1133 at
999 1096 1109 1132 illum
1124 1096 1397 1146 indignatione

229 1176 437 1199 accensum
463 1162 622 1198 domitis
648 1161 767 1198 frenis
794 1174 843 1198 ne
869 1163 951 1211 regi
979 1167 1111 1210 posset
1137 1163 1397 1210 praecipitem

229 1230 268 1263 in
303 1227 472 1276 abrupta
507 1229 581 1262 isse
617 1228 971 1275 exanimatumque
1006 1237 1107 1268 una;
1156 1224 1342 1261 Philistus
1377 1237 1398 1259 a

231 1291 421 1341 Dionysio
433 1290 614 1327 relictum
628 1293 665 1326 in
678 1303 801 1326 caeno
813 1289 1062 1333 haerentem,
1075 1295 1119 1326 ut
1131 1302 1172 1326 se
1185 1288 1399 1332 evellisset,

229 1361 411 1392 secutum
459 1357 626 1403 vestigia
674 1354 820 1390 domini
871 1356 1054 1390 examine
1101 1355 1234 1402 apium
1282 1352 1399 1389 iubae

230 1418 478 1462 inhaerente,
512 1432 638 1468 eoque
672 1424 830 1454 ostento
864 1417 1119 1468 tyrannidem
1152 1430 1174 1453 a
1208 1417 1400 1467 Dionysio

228 1489 474 1532 occupatam.

281 1547 399 1583 LXV.
431 1547 597 1596 Ingenia
650 1560 784 1583 eorum
839 1545 1128 1582 inenarrabilia.
1182 1544 1400 1582 iaculantes

231 1611 421 1661 obsequia
450 1614 709 1660 experiuntur
735 1610 909 1647 difficiles
937 1615 1102 1646 conatus
1128 1621 1290 1658 corpore
1317 1611 1400 1658 ipso

233 1678 399 1724 nisuque
419 1678 639 1711 inv-antium
652 1675 688 1718 3;
718 1678 815 1711 item
829 1675 844 1697 ⁴²
864 1674 947 1710 tela
966 1673 1074 1710 humi
1090 1673 1257 1710 collecta
1277 1675 1400 1722 equiti

233 1742 451 1789 porrigunt.
508 1752 599 1774 nam
623 1742 660 1774 in
683 1742 785 1775 circo
808 1738 858 1775 ad
880 1751 1014 1774 currus
1037 1740 1159 1774 iuncti
1182 1750 1260 1774 non
1282 1736 1402 1774 dubie

509 1826 517 1843 ¹
541 1825 607 1856 υλῖ.
623 1834 733 1864 aequa
749 1824 879 1859 eadem,
895 1834 983 1864 equa
998 1823 1129 1855 eadem.

505 1867 516 1885 '²
539 1868 592 1898 v.l.
609 1866 843 1906 lacrimasque.

506 1911 517 1929 ³
540 1910 738 1941 Hardouin:
765 1909 997 1940 invitantium.

505 1954 517 1972 ¹
541 1952 714 1993 Maylwff:
738 1953 818 1983 iam.

239 2022 307 2047 110
