1482 2312
411 145 578 184 PLINY
593 160 600 184 :
652 147 915 184 NATURAL
953 147 1188 185 HISTORY

214 261 288 287 nee
307 249 450 300 puduit
469 248 539 286 has
559 255 689 286 vestes
710 263 899 300 usurpare
920 252 1042 287 etiam
1061 252 1161 287 viros
1181 250 1386 288 levitatem

215 319 378 364 propter
397 315 610 350 aestivam:
645 316 685 349 in
700 319 857 350 tantum
880 327 903 350 a
922 313 1041 350 lorica
1055 314 1231 364 gerenda
1245 315 1388 352 disces-

215 391 301 414 sere
322 390 450 414 mores
472 383 516 414 ut
538 380 646 414 oneri
667 380 718 414 sit
739 380 860 414 etiam
882 380 1013 414 vestis.
1068 378 1230 428 Assyria
1249 384 1386 416 tamen

214 442 408 492 bombyce
433 441 561 478 adhuc
584 441 739 478 feminis
762 442 949 479 cedimus.

133 511 172 541 79
266 506 456 542 XXVIII.
486 507 732 543 Araneorum
773 505 832 542 his
872 519 951 542 non
992 506 1160 543 absurde
1202 509 1389 556 iungatur

215 575 357 606 natura
406 570 527 619 digna
576 570 636 607 vel
688 573 899 620 praecipua
949 570 1221 607 admiratione.
1278 570 1389 620 plura

215 640 351 670 autem
387 640 477 670 sunt
512 647 661 684 genera
695 647 768 671 nec
802 634 912 671 dictu
946 637 1167 671 necessaria
1200 636 1240 670 in
1274 640 1389 671 tanta

215 700 369 734 notitia.
424 697 636 748 phalangia
658 711 706 734 ex
733 700 777 734 iis
808 698 1058 748 appellantur
1087 712 1254 748 quorum
1283 701 1387 735 noxii

216 775 380 807 morsus,
435 776 574 812 corpus
630 765 832 812 exiguum,
887 765 1051 806 varium,
1106 765 1389 807 acuminatum,

216 826 401 863 adsultim
426 827 746 877 ingredientium.
803 826 928 863 altera
953 840 1089 863 eorum
1113 829 1264 877 species
1288 829 1388 877 nigri

213 891 406 941 prioribus
440 892 615 927 cruribus
651 891 895 941 longissimis.
952 891 1131 927 omnibus
1166 891 1390 927 internodia

148 961 189 991 80
214 960 329 991 terna
364 957 403 991 in
439 956 626 991 cruribus.
683 955 863 1005 luporum
898 957 1047 991 minimi
1096 968 1174 992 non
1220 961 1388 998 texunt3

215 1021 382 1055 maiores
396 1022 435 1055 in
449 1025 569 1062 terra,
584 1025 625 1056 et
639 1021 814 1055 cavernis
830 1022 976 1069 exigua
990 1019 1184 1056 vestibula
1197 1032 1388 1069 praepan-

215 1083 327 1120 dunt.
382 1086 547 1120 tertium
576 1083 792 1120 eorundem
821 1096 946 1133 genus
975 1083 1132 1120 erudita
1160 1085 1388 1133 operatione

215 1150 491 1197 conspicuum;
532 1148 683 1184 orditur
708 1148 808 1184 telas
835 1150 1017 1197 tantique
1044 1150 1172 1197 operis
1197 1150 1390 1184 materiae

215 1217 351 1248 uterus
382 1214 502 1262 ipsius
535 1212 689 1255 sufficit,
721 1215 802 1248 sive
834 1214 891 1248 ita
923 1218 1107 1262 corrupta
1139 1211 1211 1248 alxi
1248 1217 1390 1248 natura

215 1281 321 1313 stato
337 1282 532 1326 tempore,
548 1282 592 1312 ut
611 1276 840 1313 Democrito
856 1275 1002 1326 placet,
1018 1278 1098 1312 sive
1116 1281 1176 1312 est
1194 1275 1389 1326 quaedam

216 1342 322 1377 intus
370 1340 546 1390 lanigera
593 1340 799 1376 fertilitas:
860 1346 943 1376 tam
990 1340 1196 1376 moderato
1243 1353 1389 1390 ungue,

215 1410 298 1440 tam
338 1407 458 1441 tereti
499 1405 562 1441 filo
603 1411 643 1441 et
683 1411 766 1441 tam
808 1404 961 1454 aequali
1003 1404 1165 1440 deducit
1205 1407 1388 1448 stamina,

149 1474 186 1504 81
216 1471 300 1518 ipso
331 1481 372 1505 se
402 1469 578 1519 pondere
609 1482 713 1505 usus.
768 1475 907 1505 texere
939 1482 962 1504 a
991 1468 1124 1504 medio
1153 1470 1289 1518 incipit
1319 1470 1390 1504 eir-

215 1535 347 1569 cinato
363 1534 458 1570 orbe
474 1534 700 1569 subtemina
717 1533 947 1576 adnectens,
963 1532 1215 1582 maculasque
1231 1532 1390 1582 paribus

216 1610 372 1647 semper
421 1597 634 1634 intervallis
684 1597 753 1634 sed
803 1596 969 1634 subinde
1015 1597 1283 1633 crescentibus
1341 1609 1389 1632 ex

216 1667 386 1711 angusto
410 1661 580 1698 dilatans
604 1661 859 1698 indissolubili
885 1661 988 1698 nodo
1013 1660 1185 1711 inplicat.
1241 1666 1391 1710 quanta

216 1731 302 1762 arte
354 1725 458 1762 celat
513 1726 672 1775 pedicas
724 1725 952 1762 scutulato1
1005 1731 1092 1762 rete
1143 1724 1389 1775 grassantes!

647 1820 658 1838 ¹
681 1820 735 1851 v.l.
752 1831 772 1850 a
787 1819 971 1850 scutulato.

256 1932 270 1945 ‘²
293 1927 363 1958 The
381 1927 450 1968 legs
468 1927 555 1958 have
573 1928 668 1958 three
687 1928 806 1968 pieees,
828 1927 1023 1958 internodia.

260 1971 271 1988 ¹⁷
295 1970 454 2001 Aristotle
477 1971 565 2001 Hist.
588 1971 654 2002 An.
675 1971 709 2001 ix
731 1972 785 2008 39,
805 1971 890 2002 623a
913 1971 971 2007 30;
1003 1969 1166 2000 Aristotle
1187 1968 1311 2009 adopts
1333 1969 1391 1999 the

211 2014 415 2045 alternative
433 2014 519 2045 view
539 2014 616 2044 here
633 2014 745 2054 given.

212 2070 283 2114 480
