1482 2312
157 388 218 418 166

156 1123 215 1154 167

431 94 619 132 PLINY:
669 93 932 132 NATURAL
968 85 1229 130 HISTORY'

239 211 317 248 quo
340 200 426 248 quis
448 199 574 234 acrior
596 199 635 232 in
658 195 831 232 bibendo
853 194 1086 245 profundius
1109 207 1224 232 nares
1247 196 1405 245 mergit.

238 259 410 309 Scythae
451 271 522 308 per
562 257 670 294 bella
711 256 867 294 feminis
909 259 968 293 uti
1010 255 1179 299 malunt,
1221 258 1407 305 quoniam

238 324 390 358 urinam
407 333 522 356 cursu
538 332 616 355 non
632 318 810 368 inpedito
827 317 1009 354 reddant.

289 381 452 418 LXVII.
482 380 649 417 Constat
689 382 730 415 in
772 379 978 416 Lusitania
1017 380 1121 415 circa
1162 377 1408 427 Olisiponem

239 443 427 493 oppidum
465 447 507 478 et
542 442 697 491 Tagum
733 453 893 477 amnem
930 452 1052 489 equas
1088 438 1246 476 favonio
1283 439 1407 476 flante

239 505 422 541 obversas
441 502 653 540 animalem
671 504 878 551 concipere
896 503 1093 551 spiritum,
1110 500 1230 550 idque
1248 506 1409 550 partum

239 566 321 602 fieri
345 571 386 602 et
408 567 516 615 gigni
540 565 854 613 pernicissimum
876 565 947 606 ita,
969 562 1039 599 sed
1061 564 1278 599 triennium
1299 564 1407 599 vitae

239 640 316 663 non
352 626 558 663 excedere.
613 628 652 661 in
688 624 830 661 eadem
867 625 1060 673 Hispania
1095 623 1276 660 Gallaica
1310 636 1408 674 gens

239 694 280 725 et
299 688 484 725 Asturica
503 689 634 736 equini
654 685 842 736 generis,l
862 698 959 735 quos
977 684 1188 722 theldones
1207 698 1407 729 vocamus,

239 752 388 786 minore
409 748 535 785 forma
555 747 778 797 appellatos
805 752 1047 790 asturcones,
1067 748 1238 796 gignunt
1265 746 1407 796 quibus

238 824 316 847 non
354 810 524 860 vulgaris
562 812 602 845 in
639 822 755 846 cursu
792 808 938 859 gradus
977 807 1047 844 sed
1086 807 1214 844 mollis
1251 807 1406 844 alterno

237 885 394 909 crurum
432 871 633 920 explicatu
669 870 920 920 giomeratio,
957 869 1063 906 unde
1101 871 1211 919 equis
1247 868 1409 907 tolutim

236 946 379 983 capere
398 935 596 970 incursum
613 932 785 969 traditur
802 937 902 968 arte.

288 995 403 1044 Equo
430 994 514 1031 fere
543 996 608 1043 qui
638 992 785 1030 homini
814 992 955 1036 morbi,
982 997 1225 1042 praeterque
1253 994 1408 1029 vesicae

237 1058 452 1099 conversio,
470 1058 571 1092 sicut
589 1055 770 1091 omnibus
789 1057 828 1090 in
846 1067 994 1104 genere
1013 1056 1204 1091 veterino.

288 1117 473 1154 LXVIII.
506 1117 673 1153 Asinum
723 1129 810 1153 cccc
866 1128 1073 1152 nummum
1125 1120 1307 1164 emptum
1358 1114 1407 1161 Q.

238 1179 341 1215 Axio
374 1181 548 1215 senatori
581 1183 718 1214 auctor
751 1183 812 1214 est
849 1176 906 1214 M.
941 1176 1079 1220 Varro,
1111 1175 1210 1213 haut
1243 1179 1324 1214 scio
1358 1190 1409 1213 an

238 1243 414 1277 omnium
438 1242 568 1289 pretio
593 1239 824 1276 animalium
850 1241 966 1275 victo.
1033 1251 1155 1288 opera
1180 1241 1264 1275 sine
1289 1238 1409 1275 dubio

238 1304 375 1352 generi
441 1301 625 1338 munifica
674 1300 822 1337 arando
872 1312 1044 1350 quoque,
1093 1299 1164 1336 sed
1211 1299 1408 1337 mularum

238 1365 410 1400 maxime
457 1364 801 1413 progeneratione.
856 1364 988 1411 patria
1034 1363 1157 1398 etiam
1204 1367 1410 1410 spectatur

239 1427 278 1460 in
295 1424 367 1468 his,
385 1424 586 1461 Arcadicis
602 1426 642 1460 in
659 1422 825 1467 Achaia,
841 1425 881 1459 in
899 1423 1018 1460 Italia
1034 1422 1225 1460 Reatinis.
1279 1425 1408 1473 ipsum

239 1486 385 1522 animal
402 1485 558 1536 frigoris
577 1487 749 1523 maxime
769 1487 1003 1534 impatiens:
1037 1483 1126 1521 ideo
1145 1497 1224 1521 non
1242 1497 1409 1535 genera-

238 1553 304 1584 tur
325 1550 363 1583 in
386 1547 527 1591 Ponto,
549 1560 621 1584 nec
642 1549 894 1596 aequinoctio
916 1559 1036 1583 verno
1058 1551 1103 1582 ut
1124 1551 1261 1583 cetera
1280 1558 1408 1595 pecua

158 1614 219 1645 168
240 1608 467 1645 admittitur
488 1608 559 1645 sed
579 1608 760 1645 solstitio.
816 1620 944 1644 mares
966 1609 1007 1644 in
1028 1609 1257 1644 remissione
1279 1609 1408 1657 operis

239 1670 469 1707 deteriores.
523 1676 661 1719 partus
701 1682 724 1706 a
763 1671 990 1706 tricensimo
1030 1681 1166 1706 mense
1206 1671 1408 1706 ocissimus

559 1756 572 1775 ¹
596 1755 783 1787 Barbarus:
807 1755 938 1796 generis
954 1754 988 1786 hi
1004 1758 1094 1786 sunt.

279 1864 294 1879 ⁰
317 1857 489 1896 Aristotkz,
519 1858 609 1890 HA.
639 1858 686 1890 VI
714 1858 802 1890 572a
831 1859 880 1895 13,
911 1858 1022 1899 places
1050 1857 1117 1889 this
1146 1867 1344 1889 occurrence
1372 1858 1406 1889 in

233 1902 340 1934 Crete.

279 1945 290 1963 ὁ
314 1944 429 1976 About
447 1945 556 1976 §3200
575 1943 663 1985 gold.

245 2008 312 2043 116
