1482 2312
182 467 242 497 118

183 945 242 975 119

183 1316 244 1347 120

461 145 628 184 PLINY
642 160 650 184 ε
701 146 964 184 NATURAL
1001 146 1236 185 HISTORY

265 262 367 299 quae
387 254 535 291 rostro;
563 248 651 293 hoc,
670 262 759 286 cum
780 249 885 299 loqui
906 249 1035 293 discit,
1054 249 1182 286 ferreo
1202 251 1434 288 verberatur

264 303 394 338 radio:
432 315 510 338 non
537 305 660 339 sentit
686 302 800 339 aliter
825 305 938 339 ictus.
996 316 1085 339 cum
1111 303 1284 348 devolat,
1308 310 1434 341 rostro

265 368 306 392 se
336 357 498 405 excipit,
526 355 578 391 illi
608 358 791 392 innititur
820 355 1087 405 levioremque
1116 358 1174 392 ita
1207 369 1248 393 se
1285 357 1433 406 pedum

264 408 483 444 infirmitati
506 407 613 444 facit.

318 461 422 497 LIX.
456 461 587 497 Minor
630 461 828 505 nobilitas,
872 464 964 510 quia
1005 475 1083 498 non
1127 475 1177 498 ex
1220 461 1434 512 longinquo

264 517 387 557 venit,
409 514 478 550 sed
500 517 721 564 expressior
741 514 958 564 loquacitas
981 520 1090 551 certo
1105 518 1242 564 generi
1258 518 1434 565 picarum

265 573 337 603 est.
392 567 582 604 adamant
618 568 739 603 verba
776 580 878 617 quae
915 567 1129 616 loquantur
1166 581 1239 604 nec
1276 569 1434 605 discunt

263 625 422 656 tantum
440 620 454 643 ¹
484 620 554 656 sed
609 620 793 670 diligunt,
822 620 1144 670 meditantesque
1173 623 1278 658 intra
1305 627 1434 658 semet

264 686 356 709 cura
377 679 498 722 atque
519 676 760 723 cogitatione
775 673 790 696 2
820 676 1084 710 intentionem
1116 687 1193 710 non
1218 675 1431 711 occultant.

264 732 420 763 constat
439 729 561 763 emori
580 729 702 763 victas
720 726 951 763 difficultate
971 727 1078 763 verbi
1098 740 1156 771 ac,
1174 730 1247 763 nisi
1266 728 1433 765 subinde

264 780 405 816 eadem
427 780 605 823 audiant,
624 782 815 816 memoria
834 779 929 823 falli,
950 786 1270 830 quaerentesque
1290 783 1433 817 mirum

264 835 303 868 in
332 832 493 869 modum
523 832 679 869 hilarari
709 835 740 869 si
769 835 928 869 interim
958 833 1156 869 audierint
1185 834 1225 870 id
1254 835 1431 871 verbum.

264 898 336 922 nec
362 885 531 935 vulgaris
547 885 563 908 3
589 885 728 929 forma,
754 888 931 935 quamvis
956 899 1035 922 non
1060 887 1300 936 spectanda:
1338 890 1434 924 satis

266 938 339 975 illis
359 939 509 975 decoris
528 941 567 974 in
587 941 718 988 specie
736 939 752 961 4
770 942 960 976 sermonis
979 938 1140 975 humani
1171 946 1243 976 est.
1298 953 1433 977 verum

264 991 466 1028 addiscere
490 991 584 1028 alias
606 999 757 1042 negant
778 1006 892 1042 posse
915 1005 1034 1042 quam
1057 1005 1105 1029 ex
1128 1006 1275 1042 genere
1298 1006 1433 1030 earum

265 1058 367 1094 quae
394 1045 539 1095 glande
568 1051 791 1089 vescantur,
820 1052 861 1082 et
888 1048 992 1082 inter
1020 1059 1086 1082 eas
1113 1045 1264 1082 facilius
1291 1047 1433 1096 quibus

265 1101 371 1148 quini
397 1101 476 1135 sint
500 1099 615 1147 digiti
639 1101 678 1134 in
703 1098 885 1148 pedibus,
909 1112 954 1135 ac
978 1112 1028 1135 ne
1054 1112 1120 1135 eas
1145 1099 1306 1148 quidem
1329 1102 1433 1149 ipsas

265 1154 335 1187 nisi
378 1154 512 1201 primis
554 1152 707 1188 duobus
749 1154 854 1188 vitae
897 1154 1019 1188 annis.
1074 1151 1233 1188 latiores
1274 1152 1432 1202 linguae

265 1205 446 1241 omnibus
495 1207 535 1241 in
577 1218 647 1241 suo
690 1207 831 1254 cuique
874 1218 1022 1255 genere
1065 1218 1167 1254 quae
1211 1218 1432 1242 sermonem

264 1260 471 1294 imitantur
486 1257 718 1301 humanum,
735 1271 976 1307 quamquam
993 1258 1033 1295 id
1049 1271 1177 1308 paene
1194 1261 1234 1294 in
1251 1260 1432 1296 omnibus

269 1314 464 1361 contingit
492 1325 500 1347 ι
566 1312 787 1361 Agrippina
838 1311 991 1348 Claudii
1043 1311 1220 1348 Caesaris
1270 1312 1431 1348 turdum

265 1364 417 1408 habuit,
449 1364 555 1414 quod
586 1378 803 1414 numquam
835 1370 943 1408 ante,
974 1366 1200 1401 imitantem
1231 1377 1431 1402 sermones

264 1417 479 1453 hominum.
534 1431 623 1453 cum
634 1417 732 1454 haec
742 1418 966 1467 proderem,
976 1417 1180 1454 habebant
1190 1423 1232 1454 et
1243 1417 1431 1455 Caesares

264 1473 425 1507 iuvenes
454 1476 649 1514 sturnum‚
678 1473 776 1507 item
805 1470 1001 1514 luscinias,
1031 1471 1183 1507 Graeco
1212 1483 1257 1507 ac
1288 1471 1431 1508 Latino

264 1537 444 1560 sermone
480 1523 639 1567 dociles,
674 1530 884 1573 praeterea
918 1524 1162 1560 meditantes
1198 1524 1353 1561 assidue
1389 1531 1431 1561 et

264 1579 303 1612 in
326 1577 432 1613 diem
457 1577 472 1599 ⁵
496 1590 596 1613 nova
618 1577 841 1626 loquentes,
864 1577 1087 1627 loquentes,
1110 1577 1284 1626 longiore
1309 1579 1431 1614 etiam

264 1636 467 1667 contextu.
524 1630 717 1667 docentur
749 1636 903 1667 secreto
935 1636 976 1667 et
1009 1631 1076 1667 ubi
1109 1630 1216 1666 nulla
1248 1630 1324 1667 alia
1355 1644 1429 1667 vox

550 1725 561 1743 1
584 1728 721 1755 tantum
738 1735 798 1755 om.
817 1724 964 1764 plur-imi.

546 1767 559 1785 ²
581 1768 634 1798 vl.
651 1776 768 1798 curam
784 1771 889 1807 atque
904 1767 1156 1807 cogitationem.

546 1810 558 1828 ³
583 1809 757 1849 Mayhoff(
772 1812 800 1848 1³)
817 1821 823 1840 z
848 1809 997 1850 vulgaris
1012 1809 1073 1840 his.

546 1853 558 1871 ⁴
582 1852 755 1892 Mayhoff:
780 1862 849 1893 spe.

550 1895 562 1913 ⁵
586 1895 758 1935 Mayhoff:
783 1895 817 1925 in
834 1895 924 1925 diem
939 1898 974 1925 et
990 1893 1134 1925 assidue.

350 2020 362 2032 α
388 2014 614 2051 Britannicus,
635 2013 824 2045 Claudius's
843 2024 913 2051 son,
934 2013 1001 2044 and
1020 2013 1118 2050 Nero,
1140 2013 1191 2044 his
1209 2016 1356 2054 stepson.

261 2077 331 2124 368
