1482 2368
122 253 157 283 ll

122 878 160 911 12

125 1367 161 1398 13

391 144 556 183 PLINY
571 159 579 183 ι
630 145 894 183 NATURAL
929 143 1165 182 HISTORY

240 247 453 300 Elephanti
488 252 686 300 gregatim
721 262 878 299 semper
911 247 1210 298 ingrediuntur3
1259 247 1368 285 ducit

186 331 331 369 agmen
344 321 539 356 maximus
553 324 665 363 natu,
678 321 784 369 cogit
798 323 933 355 aetate
947 319 1161 367 proximus.
1210 330 1369 354 amnem

186 390 391 425 transituri
409 390 590 425 minimos
609 390 889 438 praemittunt,
907 400 958 424 ne
976 389 1170 424 maiorum
1188 388 1368 437 ingressu

187 462 389 494 atterente
407 457 563 494 alveum
580 463 732 494 crescat
748 459 917 507 gurgitis
936 456 1118 493 altitudo.
1153 456 1370 506 Antipater

187 533 324 564 auctor
335 533 397 564 est
409 527 507 564 duos
520 526 719 564 Antiocho
732 529 816 577 regi
828 529 868 563 in
881 526 1032 563 bellicis
1044 527 1178 563 usibus
1191 525 1368 562 celebres

188 598 309 632 etiam
329 597 627 646 cognominibus
647 595 790 639 fuisse;
825 598 976 632 etenim
996 608 1141 632 novere
1162 608 1220 631 ea.
1259 601 1368 632 certe

188 665 301 710 Cato,
322 679 411 702 cum
433 668 704 716 inperatorum
725 668 885 702 nomina
906 665 1112 702 annalibus
1134 664 1369 709 detraxerit,

187 734 445 784 elephantum
460 734 474 757 ¹
492 737 556 785 qui
580 734 791 772 fortissime
808 734 1022 785 proeliatus
1040 740 1145 771 esset
1161 736 1200 770 in
1222 733 1370 771 Punica

188 807 271 841 acie
298 804 440 855 Syrum
466 805 632 842 tradidit
659 810 842 842 vocatum
869 804 995 841 altero
1022 804 1144 841 dente
1172 804 1368 841 mutilato.

192 874 389 911 Antiocho
428 874 572 912 vadum
612 874 782 911 fluminis
822 876 1044 924 experienti
1084 876 1215 911 renuit
1253 874 1370 918 Aiax,

188 944 332 994 alioqui
353 943 433 981 dux
455 946 622 994 agminis
643 956 822 994 semper3
857 950 943 980 tum
964 946 1266 993 pronuntiatum
1287 946 1370 980 eius

188 1013 271 1050 fore
296 1015 535 1063 pricipatum
561 1016 626 1063 qui
653 1015 874 1057 transisset,
900 1026 1119 1062 ausumque
1146 1011 1369 1049 Patroclum

188 1084 239 1120 ob
270 1082 310 1119 id
341 1082 511 1133 phaleris
543 1085 758 1133 argenteis,
791 1096 869 1133 quo
900 1085 1073 1119 maxime
1104 1082 1297 1133 gaudent,
1329 1088 1370 1119 et

189 1152 339 1202 reliquo
374 1155 479 1189 omni
515 1155 689 1201 primatu
724 1152 898 1189 donavit.
954 1152 1017 1189 ille
1054 1154 1119 1202 qui
1156 1152 1372 1189 notabatur

189 1222 320 1258 inedia
346 1227 515 1259 mortem
537 1224 777 1272 ignominiae
802 1222 1014 1272 praetulit3
1051 1224 1170 1259 mirus
1198 1235 1369 1272 namque

189 1291 315 1342 pudor
339 1297 413 1336 est,
438 1294 643 1342 victusque
668 1305 804 1329 vocem
830 1291 933 1342 fugit
958 1294 1128 1336 victoris,
1153 1297 1301 1329 terram
1326 1305 1370 1328 ac

192 1362 383 1398 verbenas
412 1364 588 1412 porrigit.
644 1362 793 1412 pudore
822 1375 1039 1411 numquam
1068 1364 1139 1398 nisi
1168 1363 1207 1398 in
1236 1361 1371 1399 abdito

188 1437 347 1476 coeunt,
380 1445 464 1468 mas
498 1434 776 1482 quinquennis,
812 1432 959 1469 femina
992 1431 1202 1475 decennis3
1251 1434 1371 1468 initur

189 1507 325 1538 autem
344 1502 502 1538 biennio
521 1504 663 1551 quinis,
683 1508 726 1538 ut
746 1501 892 1546 ferunt,
910 1504 1100 1552 cuiusque
1119 1504 1211 1538 anni
1230 1501 1370 1539 diebus

190 1584 261 1608 nec
297 1571 477 1621 ampliuse
514 1577 628 1608 sexto
665 1571 959 1621 perfunduntur
995 1584 1125 1616 amne,
1162 1585 1240 1608 non
1276 1577 1370 1609 ante

190 1640 352 1677 reduces
387 1641 437 1677 ad
472 1654 627 1691 agmen.
685 1654 756 1678 nec
791 1641 987 1678 adulteria
1022 1654 1180 1684 novere,
1215 1641 1370 1678 nullave

189 1716 351 1761 propter
381 1710 546 1748 feminas
576 1713 681 1748 inter
711 1724 752 1748 se
782 1711 932 1761 proelia
961 1714 1104 1748 ceteris
1135 1711 1370 1749 animalibus

583 1829 593 1847 ¹
617 1829 787 1861 Rackham
799 1842 804 1861 :
833 1839 921 1861 eum.

232 1952 245 1965 ‘¹
269 1947 339 1978 The
364 1951 451 1978 term
477 1948 503 1978 is
528 1948 611 1979 used
636 1949 675 1979 of
698 1947 863 1980 branches
888 1947 925 1980 of
954 1948 1031 1989 bay,
1056 1946 1144 1980 olive
1172 1947 1241 1980 and
1268 1948 1368 1979 other

191 1993 277 2021 trees
297 1990 378 2022 used
396 1992 447 2022 for
464 1990 567 2022 ritual
585 2001 758 2033 purposes.

192 2073 234 2096 10
