1482 2312
219 1300 236 1329 [Ο

711 517 869 555 LIBER
906 518 964 555 XI

304 621 334 658 Ι.
365 621 535 658 Restant
560 625 779 657 immensae
799 621 1032 658 subtilitatis
1053 619 1253 663 animalia,
1272 619 1432 670 quando

250 682 369 732 aliqui
406 696 453 719 ea
492 695 622 732 neque
656 686 805 731 spirare
840 688 881 719 et
914 685 1108 732 sanguine
1142 684 1264 718 etiam
1297 694 1432 718 carere

250 743 521 793 prodiderunt.
578 744 705 780 multa
719 743 818 781 haec
839 749 879 780 et
901 743 1167 793 multigenera
1182 745 1432 779 terrestrium

251 805 532 855 volucrumque
559 808 653 848 vita,
674 805 763 841 alia.
789 836 801 844 .
825 835 833 842 .
866 804 891 841 ,¹
954 810 1143 854 pennata.
1166 810 1209 841 ut
1229 816 1338 853 apes,
1358 803 1433 839 alia

251 872 421 916 utroque
435 867 566 907 modo,
580 873 625 903 ut
637 865 842 908 formicae,
855 865 989 915 aliqua
1002 871 1043 902 et
1056 869 1196 915 pennis
1211 872 1253 902 et
1265 864 1434 914 pedjbus

251 931 443 971 carentia,
474 932 556 965 iure
590 931 724 964 omnia
761 931 915 964 insecta
942 927 1150 977 appellata
1179 927 1230 963 ab
1260 929 1435 963 incisuris

251 1002 355 1038 quae
375 1002 478 1025 nunc
499 992 711 1026 cervicium
731 989 830 1032 loco,
849 1002 954 1025 nune
973 994 1181 1038 pectorum
1201 994 1324 1037 atque
1344 987 1435 1030 alvi,

253 1054 481 1099 praecincta
523 1057 713 1100 separant
754 1050 948 1093 membra,
989 1053 1099 1087 tenui
1144 1049 1261 1086 modo
1302 1049 1435 1086 fistula

251 1111 522 1155 cohaerentia,
536 1112 677 1162 aliquis
692 1125 785 1148 vero
798 1125 876 1148 non
890 1117 979 1148 tota
992 1114 1187 1148 incisurae
1204 1110 1218 1133 ²
1231 1111 1436 1147 ambiente

253 1186 365 1223 ruga,
401 1173 470 1210 sed
507 1176 545 1209 in
581 1173 670 1210 alvo
706 1180 774 1210 aut
811 1186 983 1222 superne
1013 1180 1189 1216 tantum,
1219 1173 1436 1208 imbricatis

252 1233 450 1271 flexilibus
480 1235 687 1278 vertebris,
711 1248 907 1285 nusquam
933 1234 1025 1270 alibi
1055 1237 1298 1284 spectatiore
1321 1240 1435 1270 natu-

254 1309 322 1332 rae
377 1309 506 1333 rerum
554 1296 742 1333 artificio:
807 1299 845 1331 in
900 1299 1053 1346 magnis
1106 1295 1301 1345 siquidem
1354 1308 1436 1331 cor-

254 1357 414 1406 poribus
446 1364 515 1394 aut
546 1363 657 1394 certe
689 1358 904 1394 maioribus
936 1357 1061 1393 facilis
1092 1358 1245 1393 officina
1277 1359 1434 1406 sequaci

254 1421 425 1454 materia
445 1419 534 1461 fuit,
555 1422 594 1454 in
615 1418 674 1455 his
694 1425 777 1455 tam
800 1422 930 1468 parvis
950 1424 1074 1468 atque
1094 1424 1179 1455 tam
1202 1417 1318 1454 nullis
1334 1431 1437 1467 quae

254 1482 369 1523 ratio,
393 1486 545 1530 quanta
570 1483 639 1524 vis,
663 1493 783 1530 quarn
807 1479 1092 1516 inextricabilis
1115 1479 1331 1529 perfectio!
1370 1479 1435 1515 ubi

254 1546 316 1577 tot
346 1554 484 1578 sensus
512 1541 723 1578 collocavit
753 1544 791 1577 in
821 1541 946 1578 culice
960 1541 1069 1578 ?-et
1099 1547 1192 1577 sunt
1222 1540 1300 1576 alia
1328 1540 1436 1577 dictu

256 1603 546 1645 minora‚-sed
594 1603 657 1639 ubi
705 1606 829 1639 visum
877 1606 915 1638 in
965 1615 1012 1639 eo
1059 1601 1317 1651 praetendit?
1371 1602 1435 1638 ubi

325 1699 336 1717 ²
357 1699 522 1735 lacunam,
534 1700 612 1739 fort.
630 1700 766 1740 <pinnis
781 1699 945 1736 carentia,
962 1704 1002 1737 ut}
1018 1699 1088 1735 iun,
1106 1698 1196 1737 alia>
1215 1698 1374 1738 Mayhosj.

322 1741 335 1760 ²
358 1741 397 1773 M
400 1742 515 1783 ayhoff
526 1756 530 1770 :
557 1742 707 1773 incisura
722 1751 810 1773 eam.

300 1848 314 1862 ⁰
336 1843 377 1875 In
403 1849 534 1884 respect
557 1845 593 1875 of
616 1845 739 1875 inseets
764 1848 828 1876 eto.
853 1843 913 1875 the
936 1843 1101 1881 ancients,
1128 1843 1368 1884 handicapped
1392 1843 1437 1884 by

256 1891 315 1960 got,
331 1887 458 1927 having
473 1888 707 1928 microseopes,
725 1897 810 1918 were
825 1897 911 1918 even
927 1897 1020 1918 more
1034 1890 1072 1918 at
1086 1886 1176 1918 fault
1192 1886 1275 1917 than
1292 1887 1325 1917 in
1342 1886 1439 1917 other

279 1933 500 1970 epartments.

255 1972 317 2046 52:²3
334 1971 419 2046 {hilii}
447 1972 559 2003 clause
594 1973 620 2002 is
654 1982 674 2002 a
710 1972 917 2011 conjectam-al
953 1972 1114 2002 insertion
1154 1972 1238 2001 trom
1274 1970 1437 2002 Aristone

257 2087 325 2123 432
