1482 2312
425 133 589 171 PLINY
605 147 613 171 z
663 134 926 171 NATURAL
961 133 1195 172 HISTORY

227 235 377 271 adtritu
406 235 589 271 arborum
617 241 747 272 costas
775 235 939 285 lutoque
968 249 1010 272 se
1038 249 1061 272 a
1087 241 1203 286 tergo
1231 242 1393 273 stercor-

227 289 372 324 antes.l
427 288 600 324 feminae
617 291 656 324 in
673 294 791 337 partu
809 292 1040 338 asperiores,
1059 294 1100 325 et
1117 288 1201 326 fere
1218 289 1398 326 similiter

226 344 265 377 in
298 343 402 377 omni
435 354 584 391 genere
616 342 846 378 bestiarum.
903 345 1006 390 apris
1038 342 1212 379 maribus
1244 346 1394 380 nonnisi

227 394 417 430 anniculis
462 397 681 444 generatio.
736 397 776 430 in
822 394 935 431 India
979 395 1172 432 cubitales
1216 395 1396 432 dentium

227 446 374 490 flexus3
403 450 551 496 gemini
580 447 664 483 ita2
695 460 743 484 ex
769 453 910 490 rostro,
929 447 1099 484 totidem
1128 461 1150 483 a
1176 447 1308 485 fronte
1324 462 1397 485 ceu

229 500 339 536 vituli
365 513 511 536 cornua
538 506 698 537 exeunt.
754 501 855 548 pilus
873 514 990 537 aereo
1007 501 1142 537 similis
1161 502 1396 551 agrestibus,

227 556 369 590 ceteris
394 556 518 603 niger.
573 560 614 589 at
636 557 673 589 in
696 554 843 589 Arabia
863 554 1020 590 suillum
1041 567 1166 603 genus
1190 567 1270 590 non
1290 557 1395 592 vivit.

143 612 205 643 213
278 606 461 643 LXXIX.
519 607 565 643 In
608 607 716 643 nullo
760 607 868 643 alio3
910 620 1058 656 genere
1103 620 1230 657 aeque
1274 607 1398 644 facilis

227 662 401 696 mixtura
430 673 519 696 cum
550 659 649 703 fero,
679 660 852 709 qualiter
880 666 994 696 natos
1025 663 1178 710 antiqui
1208 659 1397 710 hybridas

228 713 423 749 vocabant
451 726 525 749 ceu
555 713 773 756 semiferos,
803 713 853 749 ad
882 713 1060 750 homines
1090 727 1248 763 quoque
1278 720 1322 751 ut
1351 714 1394 751 C.

227 767 447 802 Antonium
475 765 673 803 Ciceronis
702 770 739 802 in
766 766 973 803 consulatu
999 766 1195 816 collegam
1223 767 1397 816 appella-

226 822 336 856 tione
361 819 522 855 tralata.
578 833 655 855 non
684 822 722 855 in
749 820 883 856 suibus
911 826 1047 856 autem
1073 826 1231 856 tantum
1261 820 1331 857 sed
1358 823 1397 856 in

227 873 408 909 omnibus
449 885 607 922 quoquc
647 873 881 909 animalibus
920 876 1202 922 cuiuscumque
1241 877 1398 923 generis

226 925 351 961 ullum
388 932 449 962 est
486 926 687 974 placidum
726 926 903 962 eiusdem
940 929 1139 963 invenitur
1176 932 1217 963 et
1254 926 1397 971 ferum,

227 984 369 1028 utpote
396 992 485 1015 cum
513 978 716 1015 hominum
745 982 867 1015 etiam
895 979 1133 1016 silvestrium
1160 985 1221 1016 tot
1249 993 1399 1030 genera

142 1037 206 1067 214
224 1032 429 1081 praedicta
466 1035 555 1068 sint.
611 1046 754 1081 caprae
790 1038 929 1069 tamen
965 1035 1005 1068 in
1040 1033 1228 1082 plurimas
1265 1033 1398 1070 simili-

226 1085 386 1121 tudines
424 1085 780 1135 transfigurantur:
835 1092 925 1122 sunt
965 1099 1123 1134 caprae,
1162 1092 1253 1122 sunt
1294 1089 1397 1136 rupi—

225 1151 384 1187 caprae,
403 1144 493 1175 sunt
514 1139 634 1175 ibices
653 1141 899 1188 pernicitatis
918 1139 1137 1182 mirandae,
1155 1152 1397 1189 quamquam

227 1197 392 1228 onerato
409 1195 541 1241 capite
559 1195 679 1229 vastis
696 1192 878 1228 cornibus
895 1192 1116 1242 gladiorum
1134 1205 1207 1229 ceu
1225 1195 1398 1243 vaginis;

226 1247 266 1280 in
301 1244 398 1281 haec
434 1258 476 1282 se
511 1245 630 1281 librat
665 1251 711 1281 ut
745 1251 947 1282 tormento
983 1245 1115 1295 aliquo
1151 1251 1320 1289 rotatus,
1356 1249 1396 1282 in

227 1301 353 1348 petris
369 1298 385 1321 4
404 1301 653 1347 potissimum
675 1312 696 1335 e
716 1305 853 1335 monte
873 1298 950 1335 alio
966 1298 982 1321 ⁵
1001 1301 1039 1334 in
1060 1299 1180 1335 alium
1200 1299 1397 1336 transilire

227 1364 436 1400 quaerens,
482 1357 604 1401 atque
651 1365 790 1388 reeusu
808 1352 822 1375 ⁶
869 1354 1065 1401 pernicius
1113 1365 1190 1401 quo
1235 1352 1396 1390 libuerit

228 1404 396 1441 exultat.
451 1411 543 1441 sunt
577 1411 618 1441 et
651 1418 808 1455 oryges,
841 1405 911 1442 soli
944 1407 997 1441 a⁷
1032 1405 1269 1455 quibusdam
1301 1405 1396 1443 dicti

227 1461 424 1494 contrario
460 1458 538 1507 pilo
575 1461 707 1495 vestiri
744 1464 786 1495 et
823 1458 875 1495 ad
908 1465 1030 1508 caput
1065 1471 1191 1502 verso,
1226 1465 1318 1496 sunt
1354 1465 1396 1496 et

227 1511 412 1547 dammae
432 1518 473 1548 et
499 1515 667 1561 pygargi
694 1518 736 1548 et
762 1514 1060 1561 strepsicerotes
1087 1512 1293 1562 multaque
1319 1512 1397 1549 alia

326 1615 337 1633 ¹
364 1614 518 1654 Mayhoff
530 1627 536 1645 :
561 1625 595 1645 se
613 1619 834 1655 tergorantes.
927 1616 938 1633 ²
963 1614 1118 1654 Mayhoff
1130 1627 1136 1646 :
1161 1615 1305 1655 gemina.

323 1657 336 1676 ³
359 1657 425 1687 alio
441 1657 515 1688 add.
533 1657 709 1688 Rackham.
926 1658 937 1675 ⁴
963 1657 1153 1688 Rackham:
1179 1661 1303 1698 petras.

325 1700 336 1718 ⁵
360 1699 550 1731 Raclcham:
575 1699 700 1740 aliquo.
926 1699 939 1718 ⁸
961 1700 1014 1731 v.l.
1030 1710 1176 1731 recussu.

326 1742 337 1759 ⁷
361 1753 381 1772 a
396 1743 470 1773 add.
488 1742 664 1774 Rackham.

266 1865 280 1880 a

268 1903 280 1923 ὃ
301 1862 537 1935 ἓῗιέξὴυεὶοη
558 1904 593 1935 of
613 1903 665 1934 his
686 1914 843 1935 surname
864 1903 1022 1944 Hybrida
1043 1904 1069 1934 is
1090 1904 1285 1942 uneertain;
1320 1915 1392 1945 per-

222 1946 372 2020 h³?⁸z¹³2⁴‘³
381 1947 797 2031 ffisssssstwssfiaffi'sr‘issffi
812 1943 1015 2022 {ffsssseffiave

230 2059 296 2103 148
