1482 2312
147 474 207 504 120

151 898 207 928 121

418 100 584 138 PLINY
598 114 607 138 :
658 100 919 137 NATURAL
955 99 1191 137 HISTORY

227 203 413 241 medetur
455 202 545 239 huic
588 205 742 239 timori:
802 202 994 252 quasdam
1038 202 1155 239 modo
1199 205 1394 252 principes

227 256 395 293 feminas
429 259 571 292 scimus
606 255 787 292 omnibus
821 255 960 292 diebus
995 258 1201 292 matutinis
1235 269 1393 292 carnem

229 323 317 346 eam
332 309 546 359 degustare
561 308 696 345 solitas
713 313 753 344 et
766 308 885 358 longo
901 321 997 344 aevo
1011 311 1182 345 caruisse
1197 308 1395 352 febribus3

229 362 334 412 quod
363 365 420 398 ita
449 361 611 398 demum
641 363 872 398 existimant
901 367 1035 397 ratum
1064 363 1095 398 si
1125 361 1288 398 vulnere
1317 375 1395 398 uno

228 418 434 452 interierit.

277 468 349 504 Est
370 467 511 504 eadem
536 469 682 516 specie,
701 467 825 503 barba
844 472 1004 503 tantum
1025 472 1067 503 et
1087 480 1285 504 armorum
1305 467 1396 504 villo

229 521 393 564 distans,
423 533 541 570 quem
569 519 834 570 tragelaphon
862 526 1019 563 vocant,
1048 533 1125 556 non
1155 520 1247 557 alibi
1277 533 1394 570 quam

229 577 342 611 iuxta
369 573 528 610 Phasim
555 586 713 609 amnem
740 586 917 609 nascens.

282 627 348 663 LI.
378 626 522 663 Cervos
553 625 687 662 Africa
717 626 1004 675 propemodum
1034 625 1117 663 sola
1147 639 1225 662 non
1254 629 1396 677 gignit,

231 686 273 717 at
293 679 618 716 chamaeleonem
640 685 681 716 et
702 682 800 728 ipsa,
822 692 1063 729 quamquam
1085 678 1395 729 frequentiorem

233 733 377 770 India.1
443 733 569 782 figura
605 738 647 769 et
681 732 916 782 magnitudo
959 732 1104 769 erant²
1137 732 1291 777 lacerti,
1325 734 1396 769 nisi

229 799 342 823 crura
389 791 522 823 essent
568 791 678 822 recta
725 792 767 822 et
814 785 1041 822 excelsiora.
1093 785 1223 822 latera
1268 788 1396 822 ventri

230 843 449 889 iunguntur
472 845 516 875 ut
540 838 725 888 piscibus,
751 844 791 875 et
815 841 928 887 spina
951 838 1067 875 simili
1091 839 1208 875 modo
1233 841 1395 876 eminet.

229 899 414 936 rostrum,
448 898 492 929 ut
526 895 565 928 in
599 905 733 941 parvo,
767 891 865 928 haut
899 891 1077 928 absimile
1111 892 1239 936 suillo,
1271 892 1397 929 cauda

231 945 447 995 praelonga
479 948 519 981 in
550 948 794 981 tenustatem
827 945 1011 982 desinens
1045 950 1086 981 et
1119 945 1323 994 implicans
1356 958 1396 982 se

233 1001 416 1048 viperinis
446 998 619 1042 orbibuse
648 1011 801 1048 ungues
831 998 987 1042 adunci,
1016 1003 1147 1035 motus
1175 998 1325 1035 tardior
1352 1005 1397 1035 ut

230 1052 438 1095 testudini,
466 1065 606 1101 corpus
639 1064 823 1100 asperum
861 1064 934 1088 ceu
972 1051 1180 1094 crocodilo,
1218 1051 1318 1088 oculi
1358 1054 1396 1087 in

234 1119 391 1142 recessu
419 1118 530 1148 cavo,
557 1107 670 1141 tenui
699 1105 923 1141 discrimine
952 1105 1220 1155 praegrandes
1250 1111 1291 1142 et
1319 1118 1398 1141 cor-

233 1161 318 1208 pori
341 1158 577 1195 concolores.
632 1171 849 1207 numquam
875 1171 941 1195 eos
965 1161 1108 1207 operit,
1131 1171 1204 1194 nec
1228 1158 1399 1207 pupillae

155 1217 213 1247 122
233 1218 345 1248 motu
365 1211 436 1248 sed
454 1214 578 1248 totius
599 1211 699 1247 oculi
721 1213 943 1247 versatione
962 1214 1263 1260 circumaspicit.
1317 1214 1399 1260 ipse

234 1265 360 1302 celsus
375 1264 501 1301 hianti
518 1277 675 1313 semper
690 1277 756 1300 ore
773 1264 876 1300 solus
893 1264 1121 1301 animalium
1137 1277 1210 1301 nec
1225 1264 1312 1301 cibo
1328 1277 1400 1300 nec

235 1324 333 1367 potu
372 1318 491 1354 alitur
529 1330 602 1354 nec
641 1317 718 1353 alio
758 1331 877 1366 quam
917 1321 1018 1354 aeris
1057 1318 1261 1361 alimento,
1300 1320 1399 1354 rictu

235 1371 435 1407 ‘terrifico-'³
467 1370 565 1414 fere,
597 1373 777 1407 innoxius
807 1370 965 1420 alioqui.
1021 1377 1061 1407 et
1091 1371 1229 1407 coloris
1259 1376 1399 1407 natura

236 1424 471 1467 mirabilior3
506 1430 636 1460 mutat
659 1437 831 1473 namque
855 1437 944 1460 eum
967 1424 1133 1461 subinde
1156 1430 1197 1460 et
1218 1423 1339 1460 oculis
1361 1429 1399 1460 et

234 1478 361 1514 cauda
377 1484 417 1514 et
431 1483 518 1514 toto
530 1490 705 1526 corpore,
718 1477 929 1526 redditque
943 1490 1099 1526 semper
1112 1490 1401 1527 quemcumque

236 1534 414 1580 proxime
467 1533 632 1580 attingit
674 1536 836 1579 praeter
883 1530 1044 1566 rubrum
1093 1530 1397 1579 candidumque.

276 1617 285 1634 ¹
311 1615 465 1656 Jlaylzoff
476 1627 482 1646 :
520 1615 636 1646 Indiae
659 1615 881 1656 (frequentior
903 1619 954 1646 est
976 1616 1011 1646 in
1033 1615 1156 1646 India?
1204 1615 1398 1654 Rackham).

279 1660 290 1677 ²
315 1659 500 1690 Racklwmz
525 1663 608 1689 erat.

276 1701 287 1719 ³
314 1701 486 1741 Jlrzyhoff:
511 1701 599 1732 circa
616 1700 801 1741 caprificos.

277 1795 289 1808 α
311 1787 383 1818 The
400 1788 500 1823 Rion,
517 1787 662 1827 running
680 1787 751 1816 into
767 1786 826 1816 the
844 1786 949 1817 Black
965 1786 1039 1818 Sea.

279 1829 289 1847 ὗ
314 1830 353 1860 In
377 1830 473 1870 point
494 1829 528 1860 of
549 1829 620 1860 fact
641 1830 669 1860 it
692 1829 773 1859 lives
796 1839 839 1859 on
861 1830 994 1865 insects,
1019 1829 1126 1860 which
1150 1829 1176 1860 it
1199 1828 1332 1860 cate-hes
1355 1828 1400 1869 by

235 1872 390 1912 shooting
410 1876 469 1903 out
488 1872 546 1902 the
565 1876 689 1912 tongue
708 1871 775 1902 and
794 1871 943 1912 drawing
962 1873 988 1902 it
1008 1872 1094 1902 back
1113 1882 1149 1902 so
1168 1871 1306 1912 quickly
1326 1871 1403 1902 that

237 1915 294 1946 the
311 1917 462 1945 ancients
479 1914 536 1945 did
553 1919 613 1945 not
630 1915 740 1944 notice
756 1915 793 1945 it..

284 1963 294 1976 ⁶
317 1958 387 1988 The
408 1958 499 1989 MSS.
521 1958 596 1998 give
618 1956 625 1968 ⁶
642 1958 669 1988 it
689 1958 715 1988 is
736 1957 867 1997 usually
889 1957 995 1988 about
1016 1957 1093 1988 wild
1114 1956 1283 1997 fig-trees?

241 2019 288 2055 86
