1482 2312
89 376 151 409 175

91 695 153 730 i76

93 1283 153 1315 177

95 1605 156 1637 178

370 139 537 179 PLINY
552 155 560 179 ε
611 142 875 180 NATURAL
911 142 1147 180 HISTORY

228 243 460 282 Intellectus
510 259 694 296 saporum
742 248 885 283 ceteris
933 247 974 282 in
1021 248 1149 297 prima
1197 245 1345 297 lingua,

174 307 322 345 homini
344 315 385 346 et
406 311 446 346 in
466 309 612 360 palato.

227 373 368 410 LXVI.
397 373 592 411 Tonsillae
610 376 649 410 in
665 373 891 418 homine,in
903 387 972 412 sue
985 373 1207 425 glandulae.
1241 373 1347 424 quod

177 439 281 474 mter
323 451 388 475 eas
430 451 529 475 uvae
571 441 730 475 nomine
772 438 925 475 ultumo
967 438 1170 489 dependet
1211 437 1345 489 palato

176 500 324 538 homini
352 508 511 538 tantum
539 508 611 539 est.
667 504 739 539 sub
767 516 814 540 ea
840 505 966 539 minor
993 502 1127 553 lingua
1153 502 1248 539 nulli
1275 516 1347 540 ova

177 569 466 616 generantium.
522 580 642 617 opera
656 569 738 604 eius
752 569 912 618 gemina
925 567 1077 604 duabus
1090 569 1348 617 interpositae

178 629 329 667 fistulis.
385 633 548 667 interior
567 644 703 668 earum
724 630 946 681 appellatur
966 634 1111 668 arteria
1130 631 1181 668 ad
1198 630 1347 681 pulmo-

180 707 272 731 nem
299 700 420 744 atque
447 708 513 731 cor
537 697 765 745 pertinens;
805 695 907 732 hanc
933 698 1061 746 operit
1086 697 1126 731 in
1153 694 1348 746 epulando

178 766 318 814 spiritu
339 770 381 801 et
402 777 496 801 voce
517 764 604 801 illac
622 765 636 787 1
658 770 834 809 meante,
854 778 919 809 ne,
941 768 971 802 si
992 770 1109 815 potus
1130 765 1289 802 cibusve
1309 766 1348 801 in

178 827 350 865 alienum
403 828 647 866 deerraverit
700 831 918 873 tramitem,
971 835 1169 879 torqueat.
1225 829 1350 866 altera

179 895 353 929 exterior
391 892 615 943 appellatur
653 906 747 930 sane
797 893 904 944 gula,
944 907 1022 944 qua
1069 894 1178 930 cibus
1228 899 1349 943 atque

178 962 295 1007 potus
325 957 534 1001 devolant3
579 958 711 995 tendit
740 957 839 995 haec
869 957 919 994 ad
948 956 1210 1002 stomachum,
1239 959 1270 995 is
1300 957 1350 994 ad

180 1027 371 1058 ventrem.
427 1020 528 1058 hanc
544 1035 615 1072 per
630 1025 734 1059 vices
751 1025 894 1072 operit,
910 1035 1000 1059 cum
1016 1024 1175 1072 spiritus
1191 1027 1350 1059 tantum

179 1092 249 1122 aut
277 1099 351 1122 vox
381 1093 593 1131 commeat,
616 1100 665 1123 ne
696 1089 941 1137 restagnatio
970 1088 1252 1137 intempestiva
1275 1085 1349 1123 alvi

179 1151 396 1201 obstrepat.
463 1164 511 1188 ex
545 1150 777 1202 cartilagine
807 1157 848 1188 et
876 1163 993 1188 carne
1022 1153 1180 1195 arteria,
1208 1150 1301 1202 gula
1329 1163 1350 1187 e

178 1227 297 1251 nervo
317 1221 358 1252 et
375 1228 492 1252 earne
511 1222 678 1252 constat.

233 1278 397 1316 LXVII.
428 1279 568 1316 Cervix
606 1279 700 1316 nulli
738 1283 810 1317 nisi
848 1280 988 1330 quibus
1025 1285 1195 1330 utraque
1231 1279 1351 1323 haec3

178 1346 320 1380 ceteris
357 1343 513 1388 collum,
551 1345 691 1395 quibus
728 1350 887 1381 tantum
923 1344 1027 1395 gula.
1093 1343 1163 1381 sed
1210 1344 1350 1394 quibus

180 1410 324 1452 cervix,
356 1421 377 1445 e
408 1409 542 1445 multis
574 1409 889 1459 vertebratisque
921 1408 1170 1446 orbiculatim
1200 1408 1350 1445 ossibus

180 1471 318 1509 flexilis
339 1472 389 1509 ad
408 1475 738 1523 circumspectum
757 1473 1012 1510 articulorum
1032 1473 1143 1510 nodis
1162 1475 1351 1523 iungitur,

181 1535 283 1573 leoni
310 1543 469 1574 tantum
498 1544 539 1574 et
567 1537 658 1588 lupo
686 1543 728 1574 et
754 1537 936 1588 hyaenae
963 1537 1125 1588 singulis
1152 1539 1351 1587 rectisque

180 1602 330 1638 ossibus
380 1604 523 1652 rigens.
579 1608 712 1639 cetero
763 1604 898 1652 spinae
950 1601 1190 1646 adnectitur,
1240 1603 1352 1652 spina

181 1663 336 1710 lumbis,
364 1679 476 1703 ossea
505 1666 575 1703 sed
603 1668 723 1703 tereti
752 1672 965 1710 structura,
993 1679 1064 1716 per
1092 1665 1225 1702 media
1252 1664 1351 1702 fora-

180 1732 286 1766 mina
310 1744 332 1766 a
355 1731 516 1767 cerebro
539 1730 713 1768 medulla
736 1730 1017 1768 descendente.
1073 1730 1242 1767 eandem
1269 1743 1351 1767 esse

181 1796 217 1831 ei
246 1800 429 1831 naturam
464 1808 582 1845 quam
616 1795 777 1832 cerebro
806 1794 996 1845 colligunt
1026 1797 1212 1844 quoniam
1240 1807 1352 1845 prae-

360 1891 373 1910 1
397 1891 565 1923 120sska
582 1892 630 1930 (in
646 1891 702 1922 mo
719 1891 928 1932 Mayhoffcs.
947 1890 961 1930 ξ
979 1891 1079 1931 266):
1103 1890 1170 1923 ina.

577 2002 593 2019 ⁰
614 1998 674 2032 Le.
692 1999 751 2031 the
767 1999 951 2041 epiglottis.

182 2075 247 2111 54²
