1482 2312
149 595 188 626 73

148 913 187 942 74

147 1285 186 1314 75

413 116 601 155 PLINY:
649 118 910 155 NATURAL
945 116 1178 154 HISTORY

212 218 320 256 velut
352 232 401 256 ex
431 232 530 256 cane
562 218 733 268 lupoque
765 225 990 268 conceptos,
1022 221 1154 254 omnia
1191 218 1376 255 dentibus

211 272 441 322 frangentes
463 275 719 321 protinusque
741 272 930 308 devorata
950 272 1203 308 conficientes
1224 277 1377 315 ventre,

211 324 502 374 cercopithecos
524 328 643 374 nigris
662 325 871 374 capitibus,
892 325 970 373 pilo
990 327 1086 361 asini
1109 330 1149 361 et
1169 324 1376 361 dissimiles

211 381 353 415 ceteris
383 391 491 421 voce,
522 378 676 415 Indicos
705 379 824 414 boves
855 380 1060 414 unicornes
1090 380 1376 426 tricornesque,

210 431 474 467 leucrocotam
501 433 811 479 pernicissimam
838 430 962 467 feram
990 433 1087 467 asini
1114 430 1198 466 fere
1225 432 1377 480 magni-

210 484 362 527 tudine,
378 484 557 520 clunibus
575 486 753 527 cervinis,
769 483 883 527 collo,
899 483 1041 527 cauda,
1058 489 1220 532 pectore
1239 483 1375 526 leonis,

209 540 341 586 capite
369 537 544 580 melium,
572 536 720 573 bisulca
748 536 909 586 ungula,
936 549 1003 573 ore
1031 536 1081 572 ad
1108 549 1221 573 aures
1250 549 1375 585 usque

208 593 383 633 rescisso,
414 589 594 626 dentium
631 589 724 626 locis
756 602 842 626 osse
873 589 1220 638 perpetuo—hanc
1251 588 1376 625 feram

210 642 403 679 humanas
438 656 552 679 voces
586 642 752 679 tradunt
786 645 944 678 imitari.
999 642 1105 691 apud
1141 642 1300 679 eosdem
1335 648 1375 678 et

211 709 313 745 quae
357 702 520 732 vocatur
564 695 665 739 eale,
708 695 984 745 magnitudine
1029 698 1120 745 equi
1166 695 1377 738 fluviatilis,

209 749 335 785 cauda
355 748 572 798 elephanti,
589 748 719 785 colore
739 751 851 798 nigra
870 748 932 784 vel
952 747 1072 792 fulva,
1090 748 1261 785 maxillis
1279 751 1377 797 apri,

209 805 358 839 maiora
400 801 639 838 cubitalibus
683 814 830 838 cornua
874 800 1025 838 habens
1070 801 1231 838 mobilia
1275 814 1376 851 quae

209 855 363 891 alterna
390 858 429 890 in
456 867 590 904 pugna
617 867 659 891 se
676 854 690 877 1
719 857 864 891 sistunt
891 854 1109 903 varieque2
1135 853 1281 891 infesta
1307 860 1374 891 aut

207 907 380 957 obliqua,
409 914 625 957 utcumque
655 910 756 944 ratio
785 910 1031 944 monstravit.
1085 907 1155 944 sed
1183 910 1376 944 atrocissi-

209 974 292 997 mos
330 960 485 998 habet3
521 966 656 997 tauros
695 960 893 997 silvestres
931 963 1099 997 maiores
1137 961 1374 1010 agrestibus,

209 1014 421 1050 velocitate
443 1019 536 1050 ante
558 1016 698 1057 omnis,
718 1013 848 1050 colore
869 1013 1009 1057 fulvos,
1030 1013 1150 1050 oculis
1169 1013 1375 1058 caeruleis,

208 1067 288 1116 pilo
313 1069 352 1102 in
376 1069 617 1103 contrarium
643 1079 768 1111 verso,
792 1069 894 1103 rictu
919 1066 970 1103 ad
993 1079 1107 1104 aures
1131 1066 1375 1111 dehiscente,

208 1123 321 1156 iuxta
351 1133 497 1156 cornua
527 1120 710 1163 mobilia;
755 1122 904 1169 tergori
936 1120 1082 1156 duritia
1112 1120 1228 1157 silicis
1259 1133 1374 1156 omne

209 1186 396 1222 respuens
434 1173 584 1210 vulnus.
639 1172 744 1210 feras
780 1175 906 1210 omnis
943 1179 1153 1217 venantur,
1188 1176 1261 1222 ipsi
1297 1186 1374 1210 non

208 1226 325 1263 aliter
353 1239 471 1276 quam
499 1225 621 1263 foveis
649 1229 756 1275 capti
784 1226 948 1263 feritate
975 1239 1132 1276 semper
1159 1229 1372 1263 intereunt.

206 1279 312 1328 apud
333 1279 522 1316 eosdem⁴1
541 1282 647 1316 nasci
669 1279 822 1316 Ctesias
842 1279 977 1316 scribit
1006 1293 1125 1329 quam
1155 1279 1372 1316 manticho-

208 1345 278 1368 ran
323 1332 512 1381 appellat,
546 1332 691 1381 triplici
735 1332 915 1369 dentium
960 1333 1096 1369 ordine
1140 1335 1372 1382 pectinatim

207 1388 449 1429 coeuntium,
470 1385 572 1422 facie
596 1391 637 1422 et
660 1385 842 1422 auriculis
865 1385 1045 1430 hominis,
1068 1386 1188 1422 oculis
1209 1385 1372 1436 glaucis,

207 1438 335 1475 colore
370 1441 601 1488 sanguineo,
634 1451 796 1487 corpore
831 1438 967 1483 leonis,
1000 1438 1127 1476 cauda
1161 1441 1372 1488 scorpionis

209 1491 324 1528 modo
339 1491 487 1540 spicula
502 1491 749 1540 infigentem,
764 1494 867 1528 vocis
883 1497 927 1528 ut
942 1495 972 1528 si
988 1494 1201 1529 misceatur
1215 1491 1370 1529 fistulae

476 1577 487 1596 ¹
509 1579 568 1608 se?
585 1577 659 1608 add.
677 1577 836 1618 Mayhoff.

475 1620 487 1638 ²²
509 1619 626 1659 Silli9:
652 1620 814 1659 variaque
830 1624 887 1651 aut
902 1620 1090 1660 variatque.

475 1663 487 1681 ³
511 1662 614 1693 habet
629 1662 702 1693 add.
720 1662 787 1693 edd.

478 1706 487 1721 ⁴
512 1704 603 1744 apud
618 1704 723 1735 Indos
742 1704 844 1735 dein?
863 1704 1023 1744 Mayhoff.

246 1813 259 1828 ⁰
282 1805 352 1837 The
366 1804 554 1836 rhinoceros
569 1806 677 1846 again.
849 1804 860 1824 ⁶
884 1805 1036 1837 Another
1052 1817 1100 1837 soz
1101 1812 1121 1837 τ
1138 1806 1172 1838 of
1188 1806 1233 1847 hy
1235 1817 1307 1839 ena.

246 1848 357 1879 eThis
386 1848 548 1888 mythical
577 1848 702 1879 animal
736 1849 763 1879 is
792 1848 871 1879 used
902 1849 935 1879 in
964 1849 1130 1890 heraldry‚
1160 1860 1215 1890 ας.
1246 1860 1282 1881 as
1310 1850 1369 1881 the

203 1894 396 1932 supporters
417 1890 456 1921 of
472 1891 530 1921 the
551 1890 656 1921 shield
678 1890 716 1922 of
733 1891 828 1932 Lady
850 1891 1018 1932 Margaret
1040 1892 1213 1929 Beaufort,
1236 1893 1368 1924 mother

204 1933 615 2016 odeglrgpkggffiyV‘Issith
633 1975 733 2006 horns
751 1975 886 2017 equally
904 1976 1028 2007 mobile
1045 1987 1082 2007 as
1101 1977 1159 2008 the
1175 1977 1300 2019 yale”
1264 1987 1280 2009 s
1305 2002 1310 2008 .

233 2047 276 2084 54
