1482 2312
171 803 213 834 34

170 1081 210 1112 35

172 1707 214 1737 36

431 137 596 176 PLINY
611 151 620 176 ε
670 138 705 175 N
708 138 932 176 ATURAL
969 137 1203 175 HISTORY

234 241 413 291 quamvis
441 246 562 277 noctu
590 245 632 277 et
660 239 710 277 ad
738 239 855 279 faces.
923 241 1014 289 ipsis
1043 252 1201 290 quoque
1230 242 1334 276 inter
1361 252 1403 276 se

234 310 394 360 publica
413 315 474 346 est
492 312 682 346 societas:
714 315 832 359 capto
851 322 874 345 a
892 322 986 359 rege
1006 308 1144 345 Cariae
1164 308 1405 359 alligatoque

234 382 274 416 in
320 385 437 430 portu
483 381 622 429 ingens
669 378 909 428 reliquorum
954 380 1139 415 convenit
1185 377 1404 415 multitudo

236 451 439 486 maestitia
456 448 628 498 quadam
645 460 747 497 quae
764 453 898 498 posset
914 447 1093 497 intellegi
1111 450 1405 484 miserationem

236 524 394 568 petens,
411 517 536 555 donec
554 517 702 554 dimitti
721 530 788 553 rex
808 530 898 553 eum
916 519 1040 553 iussit.
1095 519 1189 567 quin
1208 522 1250 553 et
1266 529 1405 567 parvos

236 601 394 638 semper
423 587 561 637 aliquis
591 587 776 637 grandior
804 589 1017 623 comitatur
1046 592 1091 622 ut
1119 592 1272 629 cust0s3
1315 599 1405 623 con-

236 659 443 708 spectique
460 659 537 693 iarn
554 662 645 693 sunt
663 655 897 693 defunctum
913 661 1134 706 portantes,
1150 668 1199 692 ne
1216 654 1404 692 lacerare-

235 732 302 764 tur
320 740 344 763 a
361 726 500 763 beluis.

288 796 360 833 XI.
390 795 679 846 Delphinorum
698 794 996 832 similitudinem
1014 793 1164 831 habent
1183 797 1248 844 qm'
1267 807 1406 831 vocan-

238 871 304 903 tur
326 865 548 902 thursiones
572 865 740 913 (distant
763 870 805 901 et
827 867 991 901 tristitia
1013 863 1186 914 quadam
1209 870 1407 914 aspectus,

236 936 351 972 abcst
392 937 496 972 enim
535 934 600 972 illa
640 934 827 981 lascivia),
866 936 1039 970 maxime
1093 939 1229 970 tamen
1270 935 1407 970 rostris

236 1004 501 1042 canicularum
525 1004 814 1041 maleficentiae
839 1002 1076 1040 adsimulati.

286 1074 380 1110 XII.
408 1073 647 1111 Testudines
698 1079 837 1110 tantae
888 1072 1174 1123 magnitudinis
1226 1071 1407 1109 Indicum

237 1157 346 1181 mare
379 1146 530 1180 emittit
563 1146 621 1180 uti
654 1142 897 1192 singularum
930 1142 1136 1192 superficie
1169 1141 1408 1179 habitabiles

237 1227 346 1250 casas
374 1216 559 1263 integant
589 1218 709 1262 atque
738 1215 842 1249 inter
870 1211 1015 1248 insulas
1044 1211 1166 1248 Rubri
1194 1213 1406 1261 praecipue

236 1285 354 1320 maris
370 1282 429 1320 his
446 1285 635 1332 navigent
651 1283 814 1318 cumbis.
869 1283 1079 1331 capiuntur
1095 1280 1228 1317 multis
1245 1280 1406 1331 quidem

237 1352 377 1397 modis,
395 1352 465 1389 sed
483 1355 655 1389 maxime
675 1357 837 1388 evectae
856 1353 895 1387 in
913 1364 1067 1387 summa
1079 1350 1210 1400 pelagi
1229 1356 1408 1387 anteme-

236 1421 389 1458 ridiano
416 1427 597 1471 tempore
625 1421 820 1465 blandito,
848 1423 1050 1457 eminente
1079 1425 1166 1456 toto
1194 1419 1309 1457 dorso
1337 1433 1408 1470 per

237 1491 451 1541 tranquilla
471 1491 687 1535 fluitantes,
708 1504 809 1541 quae
831 1490 1011 1540 voluptas
1030 1489 1154 1526 libere
1173 1489 1347 1539 spirandi
1366 1491 1406 1526 in

237 1566 397 1598 tantum
437 1560 538 1597 fallit
579 1560 720 1597 oblitas
761 1563 819 1597 sui
861 1566 905 1597 ut
945 1559 1034 1596 solis
1076 1572 1219 1609 vapore
1259 1561 1406 1603 siccato

239 1633 385 1668 cortice
408 1644 486 1667 non
510 1636 660 1680 queant
683 1632 807 1680 mergi
832 1632 1060 1679 invitaeque
1085 1628 1243 1666 fluitent
1267 1641 1405 1679 oppor-

239 1706 360 1738 tunae
376 1704 606 1737 venantium
621 1699 805 1750 praedae.
850 1698 982 1736 ferunt
999 1704 1039 1736 et
1054 1704 1213 1748 pastum
1229 1711 1406 1748 egressas

238 1776 358 1807 noctu
390 1769 584 1819 avideque
615 1774 812 1806 saturatas
844 1768 977 1805 lassari
1010 1774 1146 1817 atque,
1180 1773 1223 1804 ut
1254 1780 1405 1805 remea-

239 1842 367 1876 verint
394 1841 606 1883 matutino,
633 1852 787 1875 summa
813 1840 852 1874 in
881 1851 984 1887 aqua
1011 1837 1325 1880 obdormiscere3
1366 1837 1406 1873 id

286 1957 300 1972 ⁰
321 1953 392 1984 The
417 1952 538 1983 Indian
563 1952 773 1982 sea—tortoise
799 1951 969 1989 (Chelonia
993 1950 1139 1990 cephalo)
1165 1950 1233 1980 and
1258 1949 1316 1981 the
1340 1949 1407 1981 real

242 1994 587 2027 tortoiseshelLturtle
604 1995 654 2032 (C.
673 1994 866 2033 imbricata).

244 2057 312 2093 186
