1482 2312
129 762 169 793 80

129 1241 166 1270 81

389 123 516 162 PLIN
519 124 554 160 Y
569 137 577 161 :
627 124 889 161 NATURAL
924 123 1159 161 HISTORY

194 232 310 263 necat
328 226 490 263 frutices
508 238 587 263 non
603 231 809 262 contactos
828 225 945 262 modo
963 237 1100 261 verum
1119 231 1161 262 et
1179 224 1360 268 adflatos,

195 282 325 316 exurit
360 279 516 323 herbas,
550 281 699 328 rumpit
733 291 842 315 saxa.
896 276 1014 314 aliisl
1050 280 1105 315 vis
1140 278 1244 315 malo
1278 283 1360 315 est:

193 332 368 369 creditur
387 332 587 382 quondam
607 345 657 368 ex
677 345 779 381 equo
798 334 970 368 occisum
988 330 1103 367 hasta
1123 337 1164 367 et
1183 344 1254 380 per
1272 344 1361 368 eam

193 386 390 422 subeunte
417 388 452 421 vi
479 398 557 422 non
584 388 761 434 equitem
787 384 904 421 modo
931 383 1002 421 sed
1028 397 1175 434 equum
1201 397 1358 434 quoque

191 439 458 488 absumptum.
512 438 651 488 atqui2
671 437 761 474 huic
784 437 857 474 tali
881 443 1229 486 monstro—saepe
1256 440 1360 474 enim

194 497 380 528 enectum
428 494 688 540 concupivere
737 503 851 540 reges
901 490 1361 527 videre—mustellarum

193 547 296 582 virus
315 547 437 582 exitio
461 550 542 581 est:
580 544 681 581 adeo
704 549 873 580 naturae
891 543 987 580 nihil
1004 543 1155 592 placuit
1174 556 1259 580 esse
1277 546 1361 580 sine

192 610 299 647 pare.
333 600 499 634 iniciunt
511 597 527 620 3
541 597 610 634 hos
625 597 641 621 4
655 599 832 634 cavernis
845 596 962 633 facile
979 599 1146 647 cognitis
1159 596 1231 634 soli
1243 597 1339 634 tabe
1352 609 1361 640 3

193 657 339 687 necant
366 651 460 687 illae
489 650 604 687 simul
633 650 753 687 odore
782 653 1098 700 moriunturque,
1123 656 1164 687 et
1192 656 1361 687 naturae

192 717 328 754 pugna
344 704 562 740 conficitur.

240 756 426 794 XXXIV.
455 756 534 794 Sed
563 759 603 793 in
635 756 756 793 Italia
787 769 945 806 quoque
975 755 1149 792 creditur
1179 756 1360 806 luporum

193 812 295 847 visus
328 823 413 847 esse
445 813 599 853 noxius,
630 822 848 859 vocemque
880 808 1028 845 homini
1061 822 1180 859 quem
1211 812 1360 858 priores

191 863 513 912 contemplentur
547 863 723 900 adimere
758 862 809 899 ad
843 875 1044 912 praesens.
1096 865 1246 900 inertes
1291 861 1361 899 hos

191 929 412 966 parvosque
462 916 598 952 Africa
647 922 688 952 et
737 916 920 966 Aegytus
968 918 1153 966 gignunt,
1201 928 1359 965 asperos

191 976 403 1019 trucesque
441 969 618 1019 frigidior
654 969 786 1019 plaga.
840 969 1019 1006 homines
1049 971 1089 1005 in
1118 968 1230 1018 lupos
1260 972 1360 1006 verti

192 1036 404 1072 rursusque
424 1024 580 1059 restitui
600 1023 673 1059 sibi
692 1021 837 1059 falsum
857 1035 942 1059 esse
961 1022 1208 1059 confidenter
1227 1025 1360 1059 existi-

192 1089 301 1113 mare
323 1076 515 1113 debemus
541 1081 610 1112 aut
631 1075 794 1113 credere
823 1078 955 1112 omnia
976 1088 1078 1125 quae
1099 1074 1279 1112 fabulosa
1299 1081 1361 1112 tot

191 1129 357 1166 saeculis
384 1132 655 1178 conperimus;
697 1129 803 1166 unde
829 1135 967 1165 tamen
994 1132 1070 1165 ista
1097 1128 1213 1179 volgo
1239 1128 1360 1165 infixa

192 1185 242 1219 sit
259 1182 367 1218 fama
384 1185 423 1218 in
436 1188 595 1219 tantum
612 1188 657 1219 ut
674 1185 714 1219 in
730 1182 952 1219 maledictis
969 1182 1196 1231 versipelles
1212 1181 1361 1219 habeat

190 1235 440 1272 indicabitur.
496 1235 702 1272 Euanthes
728 1238 832 1272 inter
857 1241 1038 1272 auctores
1065 1236 1257 1272 Graeciae
1283 1248 1360 1272 non

193 1295 349 1338 spretus
384 1289 519 1325 scribit
555 1289 731 1326 Arcadas
765 1288 958 1326 tradere⁵
994 1302 1043 1325 ex
1077 1294 1200 1338 gente
1235 1288 1360 1325 Anthi

193 1342 396 1379 cuiusdam
431 1348 538 1379 sorte
570 1342 746 1379 familiae
772 1342 920 1379 lectum
946 1342 997 1378 ad
1022 1347 1209 1392 stagnum
1239 1341 1361 1391 quod-

192 1395 285 1431 dam
304 1398 474 1445 regionis
493 1398 576 1432 eius
594 1395 683 1432 duci
702 1398 930 1445 vestituque
948 1397 987 1431 in
1006 1408 1153 1444 quercu
1171 1408 1360 1444 suspenso

192 1455 352 1485 tranare
383 1454 505 1498 atque
537 1449 645 1485 abire
676 1451 716 1484 in
747 1448 907 1485 deserta
936 1448 1289 1498 transfigurarique
1320 1451 1360 1484 in

193 1501 328 1551 lupum
347 1507 387 1538 et
405 1515 494 1538 cum
511 1504 654 1539 ceteris
673 1501 850 1538 eiusdem
867 1504 1024 1552 generis
1041 1504 1273 1552 congregari
1290 1514 1361 1551 per

314 1619 325 1637 ¹
348 1620 401 1651 v.l.
418 1620 507 1651 talis.

311 1661 323 1680 ²
346 1663 534 1694 Raclcham:
558 1667 672 1703 atque.

307 1704 320 1723 ³
345 1706 440 1736 Galen
457 1705 510 1745 (cf.
528 1707 581 1737 35.
600 1707 674 1745 169)
690 1718 697 1736 :
722 1706 930 1737 interficiunt
947 1705 1143 1745 (inferciunt
1158 1706 1252 1745 ΒΘΑ).

311 1747 323 1765 ⁴
346 1748 511 1779 Rackham
528 1761 534 1779 ε
561 1749 621 1779 has
637 1753 693 1779 aut
708 1759 776 1779 eos.

310 1789 322 1807 ⁵
349 1791 519 1831 Mayhoff:
545 1791 652 1822 tradit,
668 1791 818 1822 Arcadas
833 1791 988 1822 scribere.

651 1957 666 1973 ⁰
692 1956 898 1999 Imaginary.
