1482 2312
140 507 196 538 164

136 931 195 962 165

130 1514 187 1546 166

413 133 578 171 PLINY
591 146 601 171 ε
651 134 912 171 NATURAL
948 132 1184 171 HISTORY

219 235 485 274 infundentes.
539 250 617 274 non
629 236 734 273 aliud
744 236 817 273 hoc
830 249 914 274 esse
927 249 1045 286 quam
1057 235 1110 273 fel
1121 237 1377 286 serpentium,

220 296 262 326 et
279 290 370 327 inde
388 303 506 327 venas
524 291 596 327 sub
613 292 724 340 spina
742 289 793 326 ad
810 303 851 326 os
868 291 1072 340 pervenire
1090 288 1377 340 diligentissimi

220 347 400 380 auctores
425 344 619 386 scribunt3
659 343 819 392 quidam
845 356 966 379 unum
992 355 1076 379 esse
1103 355 1194 379 eum
1220 349 1261 380 et
1287 345 1378 393 quia

219 398 272 433 sit
293 396 467 433 aduncus
489 398 704 445 resupinari
727 409 816 432 cum
839 395 1114 438 momorderit3
1151 395 1269 446 aliqui
1292 402 1377 433 tum

220 448 402 486 decidere
427 462 517 486 eum
541 462 750 499 rursusque
775 461 993 485 recrescere
1019 447 1173 485 facilem
1198 449 1376 493 decussu,

219 507 261 539 et
287 504 370 539 sine
399 515 446 539 eo
474 514 559 539 esse
587 515 683 551 quas
711 504 872 538 tractari
899 513 1125 544 cernamus;
1166 504 1376 552 scorpionis

219 555 369 592 caudae
415 557 542 592 inesse
578 568 682 597 eum,
717 560 762 591 ut
795 553 1003 604 plerique1
1038 560 1182 591 ternos.
1236 557 1376 605 w‘peris

219 608 360 645 dentes
391 610 550 658 gingiva
580 607 812 644 conduntur.
867 607 964 644 haec
989 607 1130 644 eodem
1155 621 1376 658 praegnans

220 674 371 698 veneno
396 663 614 711 inpressum
630 661 644 684 ²
669 661 849 698 dentium
874 660 1031 710 repulsu
1055 663 1157 697 virus
1183 659 1314 698 fundit
1337 663 1377 697 in

219 727 381 751 morsus.
435 713 634 750 volucrum
674 713 769 750 nulli
810 714 950 750 dentes
985 719 1143 763 praeter
1177 713 1378 764 vespertil-

220 769 362 804 ionem.
417 767 588 804 camelus
606 780 683 803 una
704 780 752 804 ex
769 766 828 803 his
846 780 946 816 quae
968 780 1045 803 non
1064 772 1155 803 sunt
1177 769 1378 817 cornigera

219 821 260 856 in
292 823 490 870 superiore
524 819 682 856 maxilla
715 822 903 870 primores
938 833 1015 856 non
1048 819 1181 856 habet.
1235 833 1379 857 cornua

219 871 452 910 habentium
479 872 574 910 nulli
601 876 751 910 serrati.
806 878 848 909 et
869 872 1024 909 cocleae
1046 873 1185 909 dentes
1207 872 1378 916 habent3

218 926 360 963 indicio
388 932 449 963 est
476 926 568 963 vel³
597 940 620 962 a
647 928 816 962 minimis
845 939 980 963 earum
1008 926 1147 963 derosa
1174 928 1284 963 vicia.
1339 932 1379 963 at

219 981 259 1015 in
282 981 440 1016 marinis
464 985 640 1016 crustata
664 986 704 1016 et
728 978 984 1029 cartilaginea
1008 982 1195 1029 primores
1220 978 1378 1023 habere,

219 1034 317 1069 item
356 1031 502 1069 echinis
543 1035 680 1082 quinos
721 1045 805 1069 esse
846 1032 949 1069 unde
989 1031 1166 1082 intellegi
1205 1035 1379 1082 potuerit

218 1087 347 1122 miror.
401 1085 581 1122 dentium
603 1088 686 1122 xice
709 1085 832 1122 aculei
860 1085 982 1122 sunt4
1012 1088 1182 1122 insectis.
1237 1084 1378 1122 Simiae

218 1138 360 1175 dentes
386 1145 431 1176 ut
456 1138 614 1175 homini.
667 1138 878 1188 elephanto
904 1141 1010 1175 intus
1037 1138 1088 1175 ad
1112 1138 1377 1175 mandendum

218 1197 420 1241 quattuor,
456 1197 693 1242 praeterque
732 1205 797 1228 eos
835 1194 900 1242 qui
938 1194 1162 1242 prominent
1199 1191 1377 1228 masculis

216 1244 367 1289 reflexi,
386 1244 540 1282 feminis
560 1247 657 1282 recti
677 1250 797 1295 atque
817 1248 939 1295 proni.
994 1245 1189 1282 musculus
1208 1247 1379 1282 marinus

219 1300 285 1347 qui
330 1297 551 1335 ballaenam
597 1298 800 1335 antecedit
845 1298 968 1334 nullos
1015 1297 1150 1342 habet,
1195 1298 1265 1335 sed
1309 1311 1379 1348 pro

219 1353 264 1388 iis
302 1354 421 1388 saetis
459 1354 565 1388 intus
604 1365 645 1388 os
684 1351 830 1388 hirtum
869 1358 910 1388 et
951 1350 1125 1402 linguam
1171 1353 1292 1388 etiarn
1333 1364 1378 1388 ac

217 1403 405 1454 palatum.
469 1407 715 1441 terrestrium
743 1407 903 1441 minutis
933 1404 1238 1454 quadripedibus
1262 1406 1378 1453 prim-

218 1470 303 1494 ores
321 1458 401 1494 bini
421 1460 618 1508 utrimque
638 1457 861 1508 longissimi.

267 1510 416 1547 LXIII.
457 1511 608 1548 Ceteris
661 1524 750 1547 cum
804 1513 894 1561 ipsis
953 1516 1177 1554 nascuntur,
1232 1509 1374 1547 homini

534 1628 545 1647 ¹
568 1629 615 1660 sic
629 1629 644 1659 ?
661 1627 833 1668 Mayhoss:
859 1632 893 1658 et
910 1628 1085 1668 plerisque.

534 1671 547 1690 ²
569 1671 725 1711 Mayhoff
735 1683 742 1702 :
768 1671 938 1711 impresso.

531 1713 544 1732 ²
567 1714 619 1744 vel
636 1714 709 1745 (uid.
725 1714 740 1744 .?
756 1713 911 1753 Mathff
924 1714 1009 1753 (ipse
1024 1716 1082 1752 et).

531 1756 544 1775 ⁸
567 1757 728 1795 Dellefsen
744 1769 750 1787 ι
776 1756 898 1787 aculeis
914 1761 970 1787 ant
986 1755 1130 1786 aculeus.

430 1946 443 1960 ⁰
464 1941 485 1972 Ι
488 1953 523 1972 .ε.
546 1940 590 1981 by
611 1940 913 1972 snake-eharmers.

430 1983 442 2002 ⁰
466 1984 587 2024 Really
604 1984 671 2015 this
688 1985 714 2015 is
731 1985 789 2016 the
805 1994 880 2015 case
896 1984 977 2016 with
995 1994 1075 2025 very
1092 1985 1166 2017 few.

217 2064 286 2101 534
