1482 2312
155 603 197 633 59

163 1298 204 1329 60

168 1715 204 1747 61

416 142 581 181 PLINY
596 156 605 181 ε
656 142 918 180 NATURAL
955 142 1190 181 HISTORY

218 260 338 297 saepe
363 247 552 284 dimicant
575 249 716 290 causis,
740 245 919 296 duasque
943 248 1047 283 acies
1071 249 1286 283 contrarias
1310 246 1388 283 duo

219 321 479 367 imperatores
505 319 720 360 instruunt,
746 318 920 352 maxime
946 317 1033 352 rixa
1058 317 1099 351 in
1125 314 1389 352 convehendis

221 387 379 423 floribus
400 391 539 423 exorta
560 391 601 423 et
622 399 711 422 suos
732 386 955 435 quibusque
976 385 1255 428 evocantibus;
1288 398 1390 435 quae

221 456 422 494 dimicatio
448 459 597 492 iniectu
623 455 794 505 pulveris
822 460 891 491 aut
918 453 1028 491 fumo
1054 460 1142 491 tota
1169 454 1392 498 discutitur,

221 525 496 563 reconciliatur
517 538 609 562 vero
628 525 734 561 lacte
755 524 819 561 vel
839 537 943 574 aqua
964 523 1102 561 mulsa.

272 595 381 632 XIX.
404 595 512 645 Apes
528 600 621 631 sunt
638 600 679 631 et
694 597 866 631 rusticae
881 593 1172 644 silvestresque.
1212 593 1393 630 horridae

222 671 400 715 aspectu,
437 664 563 701 multo
598 664 879 708 iracundiores,
916 663 986 700 sed
1022 676 1142 713 opere
1179 676 1225 700 ac
1259 662 1394 700 labore

222 740 485 785 praestantes.
551 734 791 771 urbanarum
847 733 926 770 duo
982 745 1153 783 genera:
1219 735 1395 782 optimae

223 806 362 842 breves
402 807 613 853 variaeque
654 809 695 840 et
733 806 774 839 in
811 802 1103 840 rotunditatem
1141 801 1397 852 conpactiles,

223 874 441 912 deteriores
478 873 622 923 longae
661 879 702 910 et
741 873 883 922 quibus
920 871 1136 909 similitudo
1174 884 1398 921 vesparum,

225 946 445 980 etiamnum
467 942 708 979 deterrimae
731 955 781 979 ex
803 944 848 978 iis
870 941 1032 991 pilosae.
1086 944 1127 977 in
1157 940 1284 977 Ponto
1306 946 1398 977 sunt

225 1012 423 1063 quaedam
455 1012 570 1048 albae
603 1024 706 1061 quae
738 1011 798 1048 bis
831 1014 871 1046 in
903 1023 1040 1047 mense
1072 1009 1195 1047 mella
1224 1009 1400 1054 faciunt3

224 1085 327 1119 circa
365 1081 704 1118 Thermodontem
743 1086 880 1117 autem
919 1080 1081 1117 fluvium
1119 1079 1198 1117 duo
1236 1091 1400 1130 genera,

225 1151 391 1188 aliarum
415 1164 518 1201 quae
542 1153 582 1187 in
605 1150 809 1186 arboribus
835 1149 1084 1193 mellificant,
1104 1148 1272 1185 aliarum
1297 1160 1401 1198 quae

226 1221 299 1259 sub
316 1227 424 1258 terra
440 1220 585 1270 triplici
602 1233 782 1257 cerarum
800 1219 950 1263 ordine,
968 1219 1155 1255 uberrimi
1172 1223 1400 1268 proventus.

278 1290 473 1328 Aculeum
510 1290 649 1339 apibus
685 1289 797 1326 dedit
833 1295 977 1326 natura
1013 1291 1141 1325 ventri
1175 1293 1400 1325 consertum

229 1360 280 1398 ad
319 1374 443 1397 unum
481 1363 627 1403 ictum3
681 1359 755 1396 hoc
794 1359 915 1396 infixo
956 1358 1119 1408 quidam
1159 1371 1226 1395 eas
1266 1360 1402 1394 statim

229 1433 352 1467 emori
380 1436 540 1480 putant,
569 1429 690 1479 aliqui
720 1442 798 1465 non
828 1431 900 1465 nisi
929 1431 969 1464 in
996 1434 1158 1465 tantum
1187 1427 1330 1464 adacto
1358 1433 1403 1464 ut

229 1502 407 1537 intestini
439 1502 643 1549 quippiam
674 1504 878 1548 sequatur,
908 1497 980 1535 sed
1009 1497 1118 1534 fucos
1148 1503 1289 1547 postea
1319 1510 1404 1534 esse

229 1583 302 1607 nec
334 1569 453 1606 mella
482 1569 615 1606 facere
646 1568 755 1605 velut
785 1571 969 1605 castratis
1001 1567 1145 1604 viribus
1175 1570 1404 1617 pariterque

233 1645 273 1677 et
314 1652 455 1676 nocere
496 1645 537 1676 et
566 1638 754 1688 prodesse
787 1638 979 1675 desinere.
1035 1643 1094 1674 est
1134 1639 1173 1672 in
1213 1636 1404 1686 exemplis

235 1723 359 1760 equus
373 1708 388 1732 ¹
410 1709 459 1745 ab
479 1712 524 1746 iis
541 1708 720 1746 occisus.2
753 1708 872 1745 odere
885 1707 1022 1744 foedos
1037 1707 1176 1744 odores
1191 1705 1405 1756 proculque

230 1778 404 1829 fugiunt,
432 1778 502 1815 sed
530 1784 572 1815 et
600 1778 734 1821 fictos;
783 1781 921 1827 itaque
949 1782 1154 1827 unguenta
1182 1775 1406 1812 redolentes

232 1848 437 1885 infestant.
491 1851 600 1898 ipsae
626 1847 883 1897 plurimorum
910 1845 1140 1883 animalium
1166 1847 1314 1882 iniuriis
1339 1845 1406 1882 ob-

643 1968 653 1984 ²
676 1966 849 2006 Mayhoff:
873 1976 989 2006 equos.

638 2008 650 2028 ²
671 2009 725 2040 v.l.
741 2009 879 2040 occisos.
