1482 2312
135 667 192 697 133

140 1178 196 1208 134

406 113 593 152 PLINY:
644 114 905 152 NATURAL
941 113 1175 151 HISTORY

210 221 304 252 ante
328 217 368 251 in
392 228 531 264 specus
555 215 774 252 convecto.¹
831 215 992 265 quidam
1018 220 1180 251 narrant
1204 213 1378 250 alternos

212 292 361 315 marem
377 291 422 315 ac
436 278 625 315 feminam
641 279 827 315 subrosae
842 278 1054 327 conplexos
1068 278 1217 314 fascem
1231 276 1380 314 herbae

212 345 370 391 supinos
393 342 520 378 cauda
543 342 737 379 mordicus
762 341 1009 391 adprehensa
1033 344 1200 378 invicem
1223 339 1380 378 detrahi

212 406 262 442 ad
285 419 460 455 specum,
483 405 652 455 ideoque
675 406 742 442 illo
765 412 945 455 tempore
968 405 1117 442 detrito
1141 418 1226 442 esse
1249 404 1376 441 dorso.

212 476 304 507 sunt
334 469 392 507 his
422 483 535 519 pares
563 476 604 506 et
628 473 667 506 in
693 470 896 520 Aegypto,
921 469 1181 519 similiterque
1205 468 1380 505 resident

213 536 252 569 in
271 533 406 570 clunes
427 540 467 570 et
487 536 525 569 in
545 534 646 570 binis
666 534 833 583 pedibus
853 533 1090 583 gradiuntur
1108 533 1382 582 prioribusque

215 603 259 634 ut
278 598 458 634 manibus
478 604 657 634 utuntur.

265 660 366 698 LVI.
397 660 643 710 Praeparant
695 661 813 698 hiemi
867 667 907 698 et
958 663 1129 697 irenacei
1179 661 1286 697 cibos
1337 673 1382 696 ac

214 725 381 761 volutati
415 739 533 774 supra
565 728 737 762 iacentia
773 739 891 775 poma
924 724 1056 761 adfixa
1090 727 1224 774 spinis,
1257 737 1380 760 unum

214 789 381 838 amplius
420 795 607 826 tenentes
647 802 728 833 ore,
768 795 931 838 portant
972 792 1010 824 in
1050 802 1166 826 cavas
1206 788 1379 825 arbores.

214 853 334 889 iidem
364 856 628 890 mutationem
660 853 852 903 aquilonis
883 856 922 890 in
954 859 1131 890 austrum
1162 852 1380 889 condentes

215 929 257 953 se
272 919 310 952 in
325 917 453 954 cubile
468 920 737 967 praesagiunt.
793 917 858 953 ubi
876 930 966 954 vero
981 930 1139 954 sensere
1155 922 1383 960 venantem,

214 986 419 1017 contracto
450 994 516 1017 ore
547 981 794 1030 pedibusque
825 994 870 1018 ac
900 987 1015 1031 parte
1046 984 1151 1018 omni
1183 979 1382 1023 inferiore,

216 1058 293 1094 qua
320 1058 449 1081 raram
478 1051 519 1082 et
547 1048 755 1082 innocuam
783 1045 933 1082 habent
959 1045 1204 1095 lanuginem,
1230 1044 1385 1081 convol-

218 1114 362 1144 vuntur
384 1111 421 1144 in
446 1108 612 1145 formam
637 1109 755 1158 pilae,
778 1123 828 1146 ne
852 1110 946 1159 quid
968 1108 1235 1159 conprehendi
1260 1111 1383 1158 possit

217 1178 377 1221 praeter
399 1173 567 1209 aculeos.
623 1176 661 1209 in
685 1173 963 1222 desperatione
988 1186 1079 1210 vero
1102 1176 1256 1209 urinam
1281 1175 1320 1208 in
1342 1185 1384 1209 se

216 1236 388 1273 reddunt
428 1237 629 1273 tabificam
670 1240 818 1287 tergori
858 1251 928 1274 suo
968 1240 1169 1287 spinisque
1210 1239 1384 1281 noxiam,

217 1307 379 1350 propter
410 1300 482 1338 hoc
515 1314 556 1338 se
588 1304 675 1350 capi
708 1304 833 1351 gnari.
889 1302 1146 1352 quamobrem
1181 1303 1384 1338 exinanita

218 1367 322 1413 prius
355 1367 465 1400 urina
498 1368 629 1402 venari
661 1379 722 1402 ars
754 1372 825 1402 est.
883 1371 923 1402 et
953 1371 1040 1402 tum
1070 1368 1285 1415 praecipua
1315 1365 1385 1402 dos

218 1432 379 1477 tergori,
403 1429 499 1465 alias
523 1435 721 1478 corrupto,
745 1429 889 1479 fragili,
912 1430 1093 1479 putribus
1117 1432 1238 1478 spinis
1262 1435 1385 1479 atque

218 1492 407 1536 deciduis,
431 1496 552 1529 etiam
576 1496 607 1530 si
631 1496 735 1529 vivat
759 1494 986 1530 subtractus
1009 1493 1117 1543 fuga.
1172 1493 1222 1529 ob
1245 1493 1285 1530 id
1308 1506 1385 1530 non

219 1559 288 1592 nisi
336 1559 373 1591 in
421 1559 627 1593 novissima
674 1571 742 1606 spe
788 1557 982 1594 maleficio
1027 1571 1074 1594 eo
1119 1557 1384 1607 perfunditur,

220 1622 366 1669 quippe
390 1626 429 1656 et
453 1623 524 1670 ipsi
548 1621 666 1657 odere
689 1634 803 1657 suum
827 1621 1074 1665 veneficium,
1096 1624 1154 1658 ita
1176 1627 1385 1670 parcentes

220 1683 290 1719 sibi
321 1687 615 1734 terminumque
645 1698 872 1734 supremum
902 1689 1156 1735 opperientes
1186 1691 1230 1722 ut
1259 1684 1384 1722 ferme

219 1754 313 1784 ante
365 1751 574 1797 captivitas
627 1755 806 1798 occupet.
860 1749 1013 1786 calidae
1065 1755 1205 1799 postea
1257 1762 1385 1799 aquae

400 1845 411 1863 ¹
436 1845 597 1885 Detlefsen
613 1858 620 1877 :
645 1856 721 1876 cum
739 1846 878 1885 quidam
895 1851 951 1877 αιιι
968 1856 1044 1877 cum
1061 1846 1208 1886 quidem.

625 1957 639 1972 ‘¹
662 1953 814 1994 Possibly
830 1954 973 1993 jerboas.

220 2026 262 2060 94
