1482 2312
179 357 220 389 28

180 943 220 974 29

180 1158 221 1187 30

441 143 606 181 PLINY
621 157 630 181 ι
682 143 945 181 NATURAL
981 143 1216 182 HISTORY

245 249 370 296 ipsam
390 259 548 296 quoque
565 249 644 283 iam
663 246 818 283 volandi
837 252 991 296 potens.
1046 246 1154 283 nulla
1169 252 1265 284 tunc
1283 249 1412 284 avium

245 303 442 337 suavitate
463 302 590 337 carnis
611 306 864 349 comparatur
884 299 952 336 illi.

297 353 390 390 XII.
422 353 533 390 Milvi
558 366 606 390 ex
630 353 771 390 eodem
794 356 1025 402 accipitrum
1047 366 1195 403 genere
1217 355 1415 403 magnitu-

245 406 337 443 dine
378 405 578 443 differunt.
633 412 817 443 notatum
858 409 897 442 in
939 405 997 443 his
1039 409 1332 455 rapacissimam
1373 411 1415 443 et

245 459 469 496 famelicam
515 472 673 508 semper
716 459 853 496 alitem
899 458 994 495 nihil
1041 459 1230 496 esculenti
1276 472 1415 509 rapere

247 526 435 562 umquam
461 525 510 549 ex
536 512 719 549 funerum
744 511 901 549 ferculis
926 525 998 549 nec
1024 512 1235 563 Olympiae
1260 525 1309 549 ex
1334 525 1415 556 ara,

246 579 291 602 ac
311 579 361 602 ne
382 565 595 602 ferentium
617 565 779 615 quidem
798 566 979 602 manibus
1000 568 1072 602 nisi
1093 565 1248 613 lugubri
1269 568 1414 602 manci-

246 622 398 668 piorum
415 619 430 642 1
443 619 732 655 immolantium
747 624 917 655 ostento.
972 618 1078 655 idem
1091 618 1276 656 videntur
1288 624 1415 656 artem

246 672 493 722 gubernandi
547 672 726 709 docuisse
777 672 929 709 caudae
982 672 1163 715 flexibus,
1215 675 1255 708 in
1305 672 1416 709 caelo

246 731 494 762 monstrante
532 731 675 762 natura
713 725 818 775 quod
855 739 952 775 opus
990 731 1095 762 esset
1131 728 1171 761 in
1207 725 1414 774 profundo.

247 779 351 815 milvi
366 785 407 815 et
419 781 490 828 ipsi
504 778 678 815 hibernis
691 779 891 815 mensibus
910 779 1053 823 latent,
1071 791 1149 815 non
1166 784 1304 815 tamen
1322 784 1416 815 ante

246 831 497 869 hirundinem
514 832 709 869 abeuntes
723 844 732 875 ;
761 832 975 869 traduntur
991 838 1127 869 autem
1144 838 1185 869 et
1202 845 1224 868 a
1240 832 1416 869 solstitiis

246 885 359 923 adfici
380 885 567 935 podagra.

299 938 413 975 XIII.
445 938 655 975 Volucrum
679 941 805 987 prima
829 938 1030 975 distinctio
1054 938 1220 987 pedibus
1244 941 1416 975 maxime

246 998 404 1028 constat
418 1004 427 1035 ;
455 997 523 1028 aut
539 994 643 1028 enim
658 991 830 1029 aduncos
845 1005 997 1041 ungues
1011 991 1161 1028 habent
1175 997 1244 1028 aut
1258 991 1417 1042 digitos,

247 1051 316 1082 aut
339 1045 610 1094 palmipedum
634 1048 674 1081 in
696 1058 844 1094 genere
868 1051 960 1082 sunt
984 1051 1027 1082 ut
1051 1058 1209 1082 anseres
1233 1051 1273 1082 et
1297 1058 1416 1095 aqua-

245 1101 350 1135 ticae
389 1097 472 1135 fere
512 1112 615 1135 aves.
670 1098 843 1135 aduncos
881 1111 1034 1148 ungues
1073 1097 1263 1135 habentia
1299 1111 1417 1135 carne

247 1158 406 1189 tantum
423 1158 636 1189 vescuntur
652 1165 700 1188 ex
716 1158 830 1201 parte
847 1165 991 1202 magna
1006 1164 1014 1195 ;
1044 1152 1170 1202 (XIV)
1186 1154 1360 1189 cornices
1376 1157 1417 1189 et

247 1205 323 1242 alio
343 1205 503 1255 pabulo,
523 1211 567 1242 ut
589 1219 691 1255 quae
711 1205 899 1242 duritiam
920 1208 1028 1242 nucis
1048 1211 1174 1242 rostro
1195 1218 1417 1255 repugnan-

246 1264 330 1295 tem
369 1258 547 1296 volantes
584 1261 623 1295 in
659 1258 786 1295 altum
822 1261 861 1294 in
897 1272 994 1295 saxa
1029 1258 1236 1309 tegulasve
1271 1261 1417 1296 iaciant

248 1315 392 1349 iterum
434 1326 479 1349 ac
521 1315 692 1361 saepius,
734 1312 860 1349 donec
903 1318 1130 1362 quassatam
1172 1311 1417 1362 perfringere

248 1372 410 1415 queant.
451 1368 534 1415 ipsa
572 1366 654 1402 ales
693 1371 753 1402 est
792 1368 1062 1414 inauspicatae
1099 1365 1357 1415 garrulitatis,
1395 1377 1417 1401 a

249 1418 486 1468 quibusdam
523 1424 660 1455 tamen
698 1419 873 1455 laudata.
941 1419 991 1455 ab
1024 1421 1169 1455 arcturi
1202 1418 1330 1455 sidere
1367 1418 1418 1455 ad

247 1471 501 1509 hirundinum
519 1472 736 1509 adventum
754 1478 917 1509 notatur
934 1485 1022 1508 eam
1040 1475 1079 1508 in
1100 1472 1305 1509 Minervae
1322 1472 1417 1509 lucis

247 1526 488 1575 templisque
524 1539 625 1569 raro,
661 1525 803 1562 alicubi
840 1528 998 1562 omnino
1034 1538 1112 1562 non
1148 1528 1282 1575 aspici,
1317 1528 1417 1562 sicut

249 1577 440 1615 Athenis:
484 1580 838 1628 inauspicatissima
872 1579 978 1616 fetus
1018 1584 1214 1628 tempore,
1246 1578 1319 1616 hoc
1357 1585 1417 1616 est

248 1638 337 1681 post
357 1631 602 1669 solstitium.2
649 1638 859 1682 praeterea
879 1632 962 1669 sola
982 1631 1079 1669 haec
1100 1635 1223 1669 etiam
1238 1632 1417 1669 volantes

304 1750 316 1770 ²
339 1750 523 1792 Detlefsen:
555 1751 825 1791 municipiorum.

292 1792 647 1866 {dinauspicatissima
672 1818 678 1822 .
706 1817 711 1822 .
738 1817 745 1823 .
769 1792 955 1824 solstitium
969 1792 1019 1824 hic
1033 1793 1197 1825 Mueller:
1223 1797 1295 1833 post
1307 1793 1416 1834 pascit

255 1845 291 1867 co
338 1860 344 1867 .

411 2012 426 2027 ⁰
447 2009 559 2040 Crows
576 2019 613 2041 as
630 2018 650 2039 a
668 2012 795 2040 matter
811 2009 848 2040 of
862 2009 935 2040 fact
952 2008 1039 2040 have
1056 2019 1099 2040 no
1116 2008 1237 2041 talons.

246 2082 316 2118 310
