1482 2312
114 746 176 777 186

115 1370 174 1401 187

398 152 563 190 PLINY
579 167 586 190 2
638 153 900 190 NATURAL
936 153 1171 191 HISTORY

202 259 267 306 quj
297 261 497 293 trecentos
527 255 672 292 occidit
703 255 1047 293 Lacedaemonios.
1103 259 1185 307 ipse
1215 258 1365 295 convol—

203 331 363 362 neratus
400 330 539 375 captus
577 324 699 361 semel
735 337 806 374 per
843 338 1050 362 cavernam
1088 325 1367 364 lautumiarum

202 396 327 431 evasit
369 396 571 444 angustias
612 393 785 443 volpium
826 393 956 430 aditus
999 400 1168 432 secutus.
1223 397 1366 433 iterum

200 469 339 513 captus
363 465 499 513 sopitis
522 463 750 499 custodibus
773 476 909 499 somno
932 463 982 499 ad
1004 465 1137 513 ignem
1160 464 1366 502 advolutus

202 532 282 568 lora
309 546 398 568 cum
426 545 586 582 corpore
615 534 776 568 exussit.
832 534 996 568 tertium
1023 538 1140 582 capto
1169 533 1367 571 Lacedae-

200 603 318 638 monii
357 607 495 651 pectus
533 601 754 637 dissecuere
793 603 954 644 viventi,
991 600 1265 652 hirsutumque
1303 616 1367 640 cor

199 677 401 722 repertum
421 676 493 707 est.

252 740 396 776 LXXI.
427 740 473 776 In
499 740 616 776 corde
643 753 795 777 summo
821 741 1058 790 pinguitudo
1085 741 1281 791 quaedam
1308 749 1368 779 est

200 809 314 846 laetis
345 812 459 846 extis.
514 822 592 845 non
621 822 777 859 semper
807 815 942 846 autem
972 812 1011 845 in
1040 816 1154 860 parte
1185 816 1368 848 extorum

200 878 381 915 habitum
397 884 480 922 est3
511 878 555 915 L.
574 877 775 915 Postumio
793 878 837 914 L.
855 878 881 914 f.
900 878 1044 916 Albino
1060 892 1154 930 rege
1170 893 1366 917 sacrorum

199 954 290 998 post
319 960 429 984 cnrw
461 947 754 998 Olympiadem,
777 961 866 984 cum
893 961 962 985 rex
990 947 1161 998 Pyrrhus
1182 962 1231 986 ex
1253 949 1368 986 Italia

199 1018 520 1061 decessisset‚cor
528 1019 567 1053 in
581 1019 683 1053 extis
696 1016 921 1067 haruspices
933 1019 1125 1067 inspicere
1138 1025 1365 1068 coeperunt.

201 1086 358 1123 Caesari
390 1086 589 1129 dictatori,
621 1099 698 1136 quo
730 1086 794 1122 die
826 1088 997 1136 primum
1029 1092 1138 1123 veste
1170 1101 1368 1137 purpurea

199 1158 389 1206 processit
420 1162 540 1205 atque
572 1158 611 1191 in
642 1154 736 1192 sella
767 1168 887 1192 aurea
917 1155 1033 1200 sedit,
1064 1156 1298 1193 sacrificanti
1328 1159 1367 1193 in

201 1228 302 1262 extis
333 1224 482 1268 defuit3
527 1225 632 1262 unde
663 1228 843 1275 quaestio
874 1238 1018 1275 magna
1047 1225 1097 1262 de
1126 1226 1367 1263 divinatione

202 1296 586 1345 argumentantibus,
613 1297 839 1345 potueritne
866 1297 949 1331 sine
975 1294 1039 1331 illo
1066 1297 1212 1332 viscere
1239 1295 1367 1332 hostia

199 1367 328 1401 vivere
361 1378 411 1401 an
450 1364 500 1401 ad
538 1370 695 1415 tempus
739 1367 927 1401 amiserit.
992 1370 1161 1415 negatur
1203 1368 1366 1402 cremari

199 1448 313 1485 posse
338 1437 378 1471 in
401 1436 446 1471 iis
471 1436 538 1484 qui
561 1435 740 1471 cardiaco
764 1435 900 1471 morbo
925 1433 1107 1479 obierint,
1133 1441 1303 1485 negatur
1326 1441 1368 1472 et

200 1504 383 1540 venenol
421 1506 693 1554 interemptis3
745 1509 853 1540 certe
900 1510 1031 1540 exstat
1070 1506 1194 1540 oratio
1234 1504 1366 1541 Vitelli

200 1587 278 1624 qua
318 1573 499 1610 Gnaeum
540 1572 722 1610 Pisonem
761 1575 843 1610 eius
882 1573 1039 1610 sceleris
1078 1576 1256 1624 coarguit
1293 1573 1366 1610 hoc

200 1657 291 1680 usus
315 1649 565 1694 argumento,
587 1643 798 1693 palamque
821 1648 993 1680 testatus
1017 1656 1094 1679 non
1117 1645 1292 1693 potuisse
1316 1644 1365 1680 ob

200 1726 395 1750 venenum
430 1726 495 1750 cor
529 1713 754 1750 Germanici
789 1712 966 1749 Caesaris
999 1715 1175 1749 cremari.
1229 1718 1366 1749 contra

198 1795 345 1833 genere
370 1783 495 1819 morbi
521 1782 705 1819 defensus
731 1787 792 1819 est
817 1780 916 1819 Piso.

542 1895 551 1913 ¹
576 1895 660 1934 <de>
678 1897 833 1925 veneno?
863 1894 1042 1926 Rackham.

457 2006 471 2019 ⁰
493 2002 556 2032 275
577 2010 641 2032 Rc.
867 2001 879 2020 ⁶
902 2001 943 2032 In
962 2011 1033 2033 As).
1052 2003 1101 2034 19.

197 2066 266 2113 548
