1482 2368
122 1010 161 1042 10

398 121 563 161 PLINY
578 137 586 160 ε
636 123 898 161 NATURAL
933 123 1166 161 HISTORY

187 231 390 277 petantur,
402 225 473 263 sed
488 231 530 263 et
544 225 628 263 fere
642 225 656 248 1
684 231 826 263 cuncta
842 225 936 276 quid
951 232 1129 263 caveant.
1179 225 1367 277 elephans

190 304 349 342 homine
396 304 510 341 obvio
557 303 659 341 forte
706 306 745 340 in
792 304 1003 341 solitudine
1050 310 1092 341 et
1139 305 1368 355 simpliciter

190 383 401 420 oberrante
436 382 608 419 clemens
645 381 900 432 placidusque
936 384 1059 418 etiam
1094 382 1366 420 demonstrare

191 463 292 497 viam
329 460 512 504 traditur,
550 459 656 496 idem
694 462 861 510 vestigio
894 458 1061 496 hominis
1095 460 1366 498 animadverso

189 540 295 588 prius
328 551 446 588 quam
478 537 636 574 homine
669 540 949 574 intremescere
981 537 1209 575 insidiarum
1241 544 1366 583 metu,

190 617 401 653 subsistere
449 614 628 659 olfactu,2
674 617 1017 665 circumspectare,
1064 618 1138 652 iras
1186 616 1366 666 proflare,

190 707 262 730 nec
303 693 453 731 calcare
495 693 565 730 sed
613 698 771 730 erutum
813 706 1005 743 proxumo
1045 693 1217 738 tradere,
1258 694 1365 731 illum

188 774 386 822 sequenti,
422 771 535 808 simili
572 773 713 808 nuntio
750 784 874 821 usque
910 771 961 808 ad
997 777 1235 816 extremum,
1271 778 1366 809 tunc

188 863 333 900 agmen
361 851 574 899 circumagi
604 854 647 886 et
677 851 820 886 reverti
850 851 1055 899 aciemque
1085 849 1222 900 dirigi:
1266 850 1366 887 adeo

188 931 363 964 omnium
385 927 494 964 odori
517 926 658 964 durare
682 929 784 964 virus
806 926 916 971 illud,
937 930 1084 964 maiore
1107 941 1156 964 ex
1179 934 1293 978 parte
1316 941 1364 965 ne

185 1005 379 1042 nudorum
413 1004 573 1054 quidem
607 1004 767 1054 pedum.
821 1007 875 1041 sie
902 1010 944 1041 et
971 1007 1097 1055 tigris,
1125 1008 1246 1043 etiam
1274 1005 1365 1043 feris

187 1085 328 1121 ceteris
376 1082 603 1120 truculenta
651 1088 772 1133 atque
821 1084 906 1133 ipsa
954 1082 1155 1133 elephanti
1208 1097 1365 1134 quoque

187 1174 376 1212 spernens
395 1163 576 1211 vestigia,
595 1159 763 1198 hominis
783 1163 863 1197 viso
882 1160 1097 1198 transferre
1117 1161 1261 1199 dicitur
1279 1176 1364 1213 pro-

187 1243 292 1278 tinus
323 1239 703 1289 catulos—quonam
733 1239 851 1276 modo
882 1241 1032 1290 agnito,
1060 1240 1125 1277 ubi
1153 1245 1247 1277 ante
1276 1253 1365 1277 con-

187 1324 323 1368 specto
344 1317 408 1354 illo
432 1330 551 1368 quem
572 1317 718 1354 timet?
772 1319 922 1354 etenim
944 1316 1044 1354 tales
1067 1317 1181 1354 silvas
1203 1320 1364 1356 minime

187 1396 429 1446 frequentari
447 1401 600 1432 certum
618 1400 690 1432 est.
745 1408 839 1432 sane
858 1397 1050 1432 mirentur
1066 1398 1192 1445 ipsam
1210 1399 1364 1447 vestigii

186 1477 413 1517 raritatem3
450 1473 520 1510 sed
551 1473 654 1510 unde
683 1475 812 1510 sciunt
838 1473 1060 1510 timendum
1088 1474 1201 1510 esse?
1246 1476 1365 1512 immo

187 1566 278 1589 vero
326 1565 394 1588 cur
443 1551 502 1588 vel
553 1553 672 1601 ipsius
724 1556 980 1601 conspectum
1029 1557 1202 1601 paveant
1252 1558 1365 1590 tanto

187 1631 345 1674 viribus,
362 1629 653 1679 magnitudine,
671 1628 882 1666 velocitate
899 1632 1207 1679 praestantiores
1221 1631 1235 1666 Ρ
1253 1632 1362 1667 nimi-

187 1719 273 1742 rum
312 1704 410 1742 haec
449 1710 510 1741 est
549 1710 691 1740 natura
729 1717 874 1749 rerum,
912 1703 1010 1741 haec
1048 1707 1229 1754 potentia
1267 1708 1363 1750 eius,

187 1782 432 1818 saevissimas
467 1779 640 1816 ferarum
668 1781 941 1829 maximasque
970 1792 1187 1830 numquam
1222 1780 1362 1817 vidisse

186 1855 293 1906 quod
321 1854 498 1892 debeant
527 1856 668 1891 timere
698 1859 740 1891 et
769 1856 905 1891 statim
934 1854 1167 1905 intellegere
1197 1868 1286 1892 cum
1312 1858 1363 1892 sit

185 1930 420 1967 timendum.

374 2007 386 2026 ²
407 2006 532 2038 Salm.:
557 2010 591 2037 et
607 2016 675 2048 per.
867 2006 880 2025 ²
902 2008 953 2038 υλ.
972 2006 1015 2037 ab
1031 2007 1168 2039 olfactu.

181 2054 204 2089 8
