1482 2312
169 1156 229 1187 125

169 1503 229 1534 120·

445 145 612 182 PLINY
626 157 635 182 :
687 144 950 181 NATURAL
986 143 1221 181 HISTORY

249 249 462 286 multorum
477 250 698 298 principum
713 260 830 283 nemo
845 246 1068 283 deduxerat
1083 245 1214 290 funus,
1229 245 1418 296 Scipionis

249 331 341 355 vero
380 317 591 354 Aemiliani
632 322 721 366 post
763 315 1045 366 Carthaginem
1080 315 1418 365 Numantiamque

249 387 401 425 deletas
447 387 497 423 ab
543 399 590 423 eo
636 399 752 422 nemo
798 385 1065 421 vindicaverat
1111 390 1291 422 mortem.
1346 383 1419 422 hoc

249 463 407 507 gestum
457 455 514 492 M.
551 454 714 492 Servilio
750 454 792 491 C.
831 454 964 491 Cestio
999 467 1095 491 coss.
1132 468 1166 490 a.
1203 454 1241 490 d.
1277 467 1300 490 v
1339 453 1416 490 kal.

253 525 420 576 Apriles.
488 538 591 562 nunc
635 537 793 574 quoque
838 529 924 560 erat
963 526 1003 559 in
1035 524 1132 560 urbe
1164 523 1290 560 Roma
1322 522 1420 560 haec

251 595 445 646 prodente
462 607 525 631 me
543 596 687 643 equitis
703 593 870 630 Romani
885 595 1019 629 cornix
1036 606 1056 629 e
1073 592 1235 629 Baetica
1249 594 1419 643 primum

249 664 377 702 colore
413 666 511 700 mira
546 662 761 700 admodum
796 665 923 712 nigro,
957 662 1050 699 dein
1084 662 1197 712 plura
1230 667 1421 699 contexta

250 735 370 771 verba
392 736 618 783 exprimens
640 738 682 769 et
704 732 780 769 alia
801 738 923 782 atque
945 731 1021 767 alia
1041 732 1178 768 crebro
1200 731 1418 768 addiscens.

251 817 323 840 nec
347 816 425 840 non
450 808 491 839 et
516 815 652 838 recens
676 801 783 838 fama
807 801 959 837 Crateri
987 800 1254 837 Monocerotis
1278 813 1420 851 cogno-

251 875 357 910 mine
398 875 438 908 in
479 872 647 908 Erizena
688 873 849 920 regione
891 871 1011 907 Asiae
1053 883 1256 906 corvorum
1297 883 1418 920 opera

251 945 432 979 venantis
457 954 503 978 eo
528 941 633 991 quod
658 939 885 977 devehebat
907 942 948 975 in
972 939 1086 976 silvas
1111 952 1178 976 eos
1201 939 1419 976 insidentes

250 1010 447 1048 corniculo
467 1013 716 1060 umerisque3
738 1009 791 1046 illi
813 1010 1066 1059 vestigabant
1087 1010 1357 1059 agebantque,
1373 1021 1420 1046 eo

249 1081 443 1131 perducta
460 1079 748 1117 consuetudine
768 1085 813 1115 ut
832 1084 1048 1115 exeuntem
1064 1081 1118 1115 sic
1136 1080 1421 1115 comitarentur

254 1157 295 1187 et
336 1149 420 1187 feri.
490 1149 728 1187 tradendum
770 1154 963 1199 putavere
1003 1150 1217 1184 memoriae
1259 1147 1419 1197 quidam

250 1222 375 1256 visum
418 1232 489 1269 per
526 1221 631 1255 sitim
673 1218 823 1268 lapides
862 1223 1145 1268 congerentem
1184 1219 1223 1253 in
1261 1217 1419 1253 situlam

250 1291 483 1326 monimenti
515 1291 553 1324 in
585 1301 663 1338 qua
693 1287 827 1337 pluvia
858 1300 961 1337 aqua
991 1286 1180 1324 duraret1
1211 1286 1281 1323 sed
1317 1299 1419 1336 quae

250 1361 394 1409 attingi
447 1371 524 1394 non
581 1363 737 1408 posset3
804 1359 861 1393 ita
912 1356 1153 1393 descendere
1206 1361 1419 1405 paventem

251 1431 489 1478 expressisse
515 1427 582 1464 tali
611 1429 796 1477 congerie
823 1431 1018 1476 quantum
1043 1431 1185 1475 poturo
1211 1425 1417 1461 sufficeret.

303 1497 408 1534 LXI.
440 1497 521 1534 Nec
542 1496 772 1534 Diomedias
791 1496 1017 1546 praeteribo
1037 1508 1140 1531 aves.
1198 1494 1296 1531 Iuba
1314 1500 1420 1530 cata-

251 1573 379 1604 ractas
416 1572 544 1611 vocat,
581 1572 623 1603 et
660 1568 715 1603 eis
752 1578 838 1602 esse
875 1565 1017 1602 dentes
1055 1564 1266 1613 oculosque
1302 1566 1420 1614 igneo

251 1637 393 1681 colore,
425 1642 559 1673 cetero
591 1635 782 1679 candidis,
813 1634 987 1671 tradens.
1042 1634 1140 1670 duos
1173 1647 1328 1683 semper
1360 1632 1419 1670 his

252 1706 386 1750 duces,
432 1705 599 1742 alterum
646 1705 790 1741 ducere
837 1717 996 1754 agmen,
1041 1703 1210 1739 alterum
1255 1714 1420 1753 cogere3

512 1811 524 1830 ¹
549 1810 716 1841 Raeti-Imm
732 1823 739 1840 :
772 1809 920 1840 durabat
938 1813 996 1840 aut
1011 1808 1140 1839 mutila.

349 1925 361 1937 ⁰
388 1920 448 1949 129
468 1927 531 1950 nc.
670 1918 682 1936 θ
708 1917 768 1947 146
788 1925 851 1947 ac.
982 1921 993 1934 ⁶
1018 1916 1077 1947 133
1096 1925 1161 1947 Β.ο.

352 1961 366 1979 ‘¹
390 1962 415 1992 A
437 1961 664 2000 hom-shaped
681 1963 870 1997 ornament,
889 1959 947 1989 the
964 1959 1092 1990 reward
1109 1959 1145 1990 of
1160 1958 1315 2000 bravery.

352 2011 362 2024 ²
386 2004 533 2045 Perhaps
549 2003 606 2034 the
621 2008 756 2043 ganne-t.

249 2077 317 2114 372
