1482 2312
171 1424 212 1453 54

171 1875 212 1904 55

432 151 598 189 PLINY
612 165 620 189 :
672 152 933 190 NATURAL
970 152 1205 190 HISTORY

236 260 468 304 exemptum
499 267 656 304 quoque
687 255 790 291 lacte
822 255 946 291 mulso
977 260 1157 305 augetur.
1212 267 1285 292 nec
1315 256 1398 291 sine

234 346 352 369 causa
368 335 408 368 in
425 334 657 382 quaestione
676 338 735 369 est
753 335 838 382 quis
855 338 1013 369 tantum
1030 333 1176 369 bonum
1193 334 1401 377 invenerit,

235 409 415 459 Scipione
433 410 447 433 1
480 409 669 446 Metellus
698 412 754 446 vir
782 410 992 446 consularis
1022 423 1071 446 an
1104 409 1261 446 Marcus
1290 409 1400 446 Seius

237 488 377 524 eadem
411 493 546 524 aetate
581 500 702 537 eques
736 487 946 531 Romanus,
983 487 1065 531 sed,
1100 487 1204 537 quod
1233 492 1402 531 constat,

238 549 474 601 Messalinus
510 564 643 608 Cotta,
679 564 876 601 Messalae
911 567 1074 601 oratoris
1107 564 1220 608 filius,
1251 564 1400 614 palmas

235 642 382 691 pedum
400 655 448 678 ex
464 644 508 678 iis
525 647 674 678 torrere
691 648 812 692 atque
834 644 977 692 patinis
993 655 1082 678 cum
1097 641 1402 692 gallinaceorum

235 722 362 756 cristis
387 719 547 756 condire
573 722 743 769 reperit3
772 720 971 756 tribuetur
997 722 1102 756 enim
1128 733 1151 756 a
1176 732 1239 756 me
1266 718 1401 756 culinis

236 799 424 846 cuiusque
459 796 591 846 palma
624 810 713 833 curn
749 797 837 833 fide.
903 799 1044 834 mirum
1079 799 1118 832 in
1151 795 1224 833 hac
1257 796 1351 833 alite
1381 810 1404 833 a

238 873 404 910 Morinis
458 887 582 923 usque
640 874 805 910 Romam
861 874 1028 923 pedibus
1085 876 1239 910 venire:
1310 873 1400 910 fessi

236 950 490 1001 proferuntur
510 951 560 988 ad
580 954 737 1001 primos,
762 953 819 988 ita
843 954 966 988 ceteri
993 954 1207 1001 stipatione
1234 951 1401 988 naturali

235 1028 460 1079 propellunt
481 1041 559 1065 eos.

288 1106 554 1143 Candidorum
573 1106 742 1143 alterum
761 1106 930 1157 vectigal
948 1109 987 1143 in
1005 1106 1151 1157 pluma.
1205 1106 1403 1144 velluntur

236 1184 473 1234 quibusdam
498 1183 590 1220 locis
615 1184 673 1221 bis
700 1197 815 1228 anno,
841 1198 971 1221 rursus
996 1184 1204 1235 plumigeri
1230 1187 1400 1221 vestiun-

236 1267 312 1298 tur.
369 1261 519 1298 mollior
545 1274 647 1311 quae
675 1264 825 1312 corpori
851 1264 1043 1312 proxima,
1070 1268 1112 1298 et
1139 1275 1160 1299 e
1189 1261 1401 1299 Germania

237 1337 518 1375 laudatissima.
573 1339 729 1376 candidi
758 1340 825 1383 ibi,
856 1352 990 1376 verum
1020 1341 1211 1383 minores;
1254 1345 1401 1390 gantae

240 1422 450 1459 vocantur3
491 1419 664 1466 pretium
692 1416 850 1466 plumae
878 1430 1013 1453 eorum
1041 1419 1081 1453 in
1108 1417 1225 1454 libras
1253 1416 1401 1454 denarii

237 1496 357 1543 quini.
415 1500 456 1531 et
481 1494 572 1531 inde
598 1497 761 1530 crimina
785 1494 1018 1545 plerumque
1040 1494 1271 1531 auxiliorum
1291 1507 1402 1544 prae-

237 1567 352 1605 fectis
389 1582 412 1605 a
450 1568 554 1619 vigili
593 1572 764 1606 statione
804 1569 854 1606 ad
891 1568 988 1606 haec
1026 1572 1193 1619 aucupia
1229 1569 1400 1606 dimissis

237 1643 462 1680 cohortibus
491 1646 608 1687 totis3
650 1657 776 1693 eoque
804 1644 968 1681 deliciae
996 1657 1220 1694 processere
1248 1650 1293 1681 ut
1320 1646 1402 1681 sine

236 1717 310 1754 hoc
353 1718 599 1755 stramento2
634 1718 775 1755 durare
818 1720 896 1755 iam
939 1732 988 1756 ne
1032 1721 1200 1756 virorum
1243 1718 1403 1769 quidem

237 1795 406 1829 cervices
425 1795 587 1843 possint.

289 1867 479 1904 XXVIII.
509 1867 628 1904 Aliud
659 1870 834 1917 repperit
866 1867 1001 1918 Syriae
1034 1882 1122 1918 pars
1155 1881 1256 1918 quae
1290 1868 1402 1905 Com-

237 1955 406 1992 magene
437 1948 612 1987 vocatur,
643 1942 800 1993 adipem
832 1955 966 1979 eorum
990 1945 1029 1979 in
1055 1956 1144 1979 vase
1171 1956 1286 1980 aereo
1312 1956 1401 1979 cum

373 2027 384 2045 ²
411 2027 465 2059 v.l.
481 2028 603 2069 Scipio.
821 2026 833 2045 ²
855 2028 990 2060 Dalm:
1012 2029 1252 2060 instrumento.

235 2074 306 2120 326
