1482 2312
431 135 596 173 PLINY
610 149 619 172 ι
668 135 705 172 N
707 135 931 173 ATURAL
965 135 1201 173 HISTORY

234 239 348 277 flores
368 241 505 288 spinae
525 237 786 281 devorantes3
821 236 1028 287 aegithum
1047 250 1139 274 vero
1165 236 1309 274 anthus
1322 237 1338 262 1
1361 240 1401 274 in

232 299 392 330 tantum
435 297 479 328 ut
521 293 755 341 sanguinem
798 303 934 327 eorum
974 291 1139 327 credant
1180 304 1259 327 non
1298 293 1402 327 coire

235 346 448 395 multisque
465 345 515 381 ob
532 344 572 381 id
588 344 786 381 veneficiis
809 343 1018 380 infament.
1071 344 1263 381 dissident
1287 344 1402 381 thoes

151 405 216 437 206
235 405 276 436 et
296 399 442 435 leones.
492 404 532 434 et
548 400 711 433 minima
723 410 851 446 aeque
864 410 909 433 ac
921 400 1106 433 maxima.
1155 397 1400 434 formicosam

152 777 214 808 207

233 453 414 488 arborem
449 464 593 488 erucae
626 456 792 493 cavent3
838 451 957 486 librat
991 463 1159 487 araneus
1191 463 1234 487 se
1267 450 1333 487 filo
1364 453 1404 486 in

234 511 355 554 caput
387 507 582 553 serpentis
614 509 821 553 porrectae
853 504 926 540 sub
958 504 1099 540 umbra
1130 504 1278 540 arboris
1309 516 1404 541 suae

234 565 432 607 tantaque
452 560 487 593 vi
508 571 640 594 morsu
659 557 866 593 cerebrum
886 556 1150 606 adprehendit
1169 562 1214 593 ut
1233 556 1404 594 stridens

235 611 402 649 subinde
417 617 457 648 et
474 613 668 660 vertigine
683 616 815 646 rotata
828 623 879 646 ne
894 610 1004 646 filum
1019 610 1180 660 quidem
1192 610 1405 659 pendentis

235 677 433 714 rumpere,
471 664 571 700 adeo
608 677 686 700 non
724 663 863 712 fugere
902 669 1038 713 queat,
1076 676 1149 700 nec
1187 663 1273 700 finis
1310 669 1405 701 ante

235 724 404 755 mortem
427 723 499 754 est.

285 771 426 808 XCVI.
457 770 603 806 Rursus
618 772 732 806 amici
748 782 922 818 pavones
939 775 979 806 et
993 769 1216 813 columbae,
1228 775 1406 807 turtures

236 830 277 862 et
306 827 480 874 psittaci,
509 823 685 860 merulae
715 829 756 859 et
783 829 975 866 turtures,
997 826 1132 860 cornix
1161 828 1203 859 et
1231 823 1408 860 ardiola2

235 884 374 915 contra
396 877 572 926 mlpium
593 889 719 926 genus
740 877 1015 913 communibus
1036 879 1262 920 inimicitiis,
1283 876 1406 926 harpe

237 938 278 968 et
312 931 452 967 milvus
485 936 624 967 contra
657 929 857 966 triorchin.
912 929 1021 979 quid,
1055 943 1132 966 non
1168 936 1209 966 et
1243 929 1407 967 affectus

236 984 381 1021 indicia
432 990 524 1020 sunt
577 986 699 1020 etiam
752 986 791 1019 in
843 983 1108 1032 serpentibus,
1159 986 1408 1020 inmitissimo

237 1037 466 1075 animalium
487 1036 662 1087 genere?
716 1036 823 1073 dieta
843 1042 935 1073 sunt
957 1049 1061 1086 quae
1082 1036 1252 1073 Arcadia
1272 1042 1408 1073 narrat

236 1091 286 1128 de
334 1090 493 1128 domino
541 1103 563 1126 a
611 1090 782 1126 dracone
830 1096 987 1126 servato
1036 1095 1075 1126 et
1129 1093 1266 1139 agnito
1313 1103 1408 1127 voce

155 1150 217 1179 208
237 1143 482 1194 [draconis].³
534 1143 584 1180 de
623 1143 758 1192 aspide
797 1143 1030 1179 miraculum
1069 1141 1290 1193 Phylarcho
1321 1143 1409 1180 red-

155 1522 217 1552 209

236 1198 376 1235 datur:
401 1201 432 1234 is
453 1200 557 1233 enim
579 1202 716 1232 auctor
737 1202 811 1239 est,
825 1210 915 1232 cum
936 1196 987 1233 ad
1006 1209 1184 1233 mensam
1204 1196 1408 1233 cuiusdam

237 1254 398 1288 veniens
443 1253 480 1286 in
527 1251 716 1300 Aegypto
768 1249 942 1286 aleretur
997 1249 1174 1293 adsidue,
1219 1249 1411 1286 enixam4

235 1304 402 1348 catulos,
417 1317 583 1353 quorum
605 1304 654 1339 ab
675 1316 753 1339 uno
774 1302 895 1339 filium
916 1302 1080 1352 hospitis
1100 1306 1410 1352 interemptum;

235 1358 342 1394 illam
377 1370 574 1394 reversam
609 1356 659 1393 ad
692 1356 1022 1393 consuetudinem
1055 1356 1131 1392 cibi
1165 1356 1410 1394 intellexisse

235 1411 393 1460 culpam
431 1417 472 1447 et
508 1423 648 1447 necem
684 1410 865 1446 intulisse
901 1409 1049 1452 catulo,
1084 1423 1158 1446 nec
1194 1416 1334 1459 postea
1370 1413 1409 1446 in

237 1470 390 1502 tectum
418 1464 458 1501 id
485 1477 696 1500 reversam.

286 1517 449 1554 XCVII.
478 1516 610 1554 Somni
646 1519 827 1566 quaestio
861 1529 940 1553 non
973 1516 1181 1552 obscuram
1213 1519 1409 1553 coniecta-

235 1573 387 1608 tionem
407 1570 542 1607 habet.
598 1572 636 1606 in
656 1569 912 1607 terrestribus
932 1572 1064 1606 omnia
1081 1582 1184 1619 quae
1199 1572 1409 1608 coniveant

516 1689 527 1707 ¹
550 1688 678 1719 anthus
693 1688 768 1719 add.
786 1698 824 1719 ea:
840 1688 900 1718 Ar.
919 1687 1125 1719 Hermolaus.

514 1731 526 1750 ²
548 1731 739 1762 Rackkam:
764 1730 922 1761 ardiolae.

512 1774 525 1793 ³
548 1774 620 1805 secl.
641 1773 801 1814 Mayhoff.

511 1816 524 1835 ⁴
546 1816 596 1847 v.l.
615 1816 726 1847 enixa.

732 2002 746 2016 ‘¹
773 1998 849 2028 vll}
874 2001 923 2030 ol.

237 2075 308 2109 424
