1482 2312
139 759 198 790 155

139 1466 200 1496 156

139 1786 200 1818 157

416 138 582 177 PLINY
596 153 604 177 ε
655 139 917 178 NATURAL
951 139 1186 177 HISTORY

216 242 362 286 frutici,
386 248 432 279 ut
455 241 702 286 holothuriis‚
726 242 992 292 pulmonibus,
1016 242 1152 280 stellis.
1207 242 1387 292 adeoque

217 306 312 342 nihil
348 319 426 343 non
461 309 639 356 gignitur
674 309 714 342 in
749 309 846 343 mari
882 312 928 343 ut
961 319 1230 356 cauponarum
1266 309 1388 343 etiam

217 373 369 406 aestiva
407 370 607 414 animalia,
645 373 793 419 pernici
830 370 999 407 molesta
1037 370 1140 407 saltu
1178 376 1248 407 aut
1286 383 1388 420 quae

216 434 381 483 capillus
399 437 571 470 maxime
584 434 702 478 celat,
720 437 915 471 exsistant
928 434 980 470 ibi
994 433 1010 457 ¹
1025 440 1066 471 et
1078 434 1390 484 circumglobata

219 511 332 534 escae
359 511 479 547 saepe
508 497 793 542 extrahantur3
833 511 936 548 quae
962 512 1080 535 causa
1107 511 1288 535 somnum
1314 500 1390 547 pis-

218 565 321 598 cium
339 565 378 598 in
395 565 490 598 mari
508 563 690 599 noctibus
703 562 893 599 infestare
912 566 1176 600 existimatur.
1232 562 1390 612 quibus-

218 626 312 662 dam
341 639 432 663 vero
461 629 553 675 ipsis
582 629 853 671 innascuntur,
882 640 959 677 quo
988 630 1027 663 in
1055 639 1220 663 numero
1247 625 1391 663 chalcis

221 693 424 739 accipitur.

274 753 441 791 LXXII.
472 754 507 790 N
512 768 554 791 ec
568 768 722 792 venena
734 761 891 792 cessant
904 755 1003 800 dira,
1015 760 1060 792 ut
1073 757 1113 791 in
1126 755 1259 805 lepore
1273 756 1339 804 qui
1351 756 1392 791 in

222 818 357 855 Indico
383 822 481 855 mari
509 822 631 855 etiam
656 825 770 856 tactu
795 820 986 869 pestilens
1012 822 1204 856 vomitum
1230 818 1392 856 dissolu-

219 885 451 932 tionemque
484 883 677 920 stomachi
710 886 890 933 protinus
922 890 1047 928 creat,
1079 886 1119 920 in
1151 890 1285 920 nostro
1317 881 1393 919 offa

221 946 396 983 informis
431 947 561 984 colore
596 954 756 984 tantum
792 948 914 997 lepori
949 948 1099 992 similis,
1133 950 1172 984 in
1209 947 1316 984 Indis
1351 952 1392 984 et

220 1011 497 1061 magnitudine
524 1017 564 1048 et
589 1012 682 1060 pilo,
707 1012 864 1049 duriore
887 1018 1071 1056 tantum3
1109 1025 1182 1049 nec
1206 1014 1315 1048 vivus
1339 1011 1392 1048 ibi

220 1078 387 1124 capitur.
443 1089 571 1125 aeque
593 1075 828 1125 pestiferum
852 1076 999 1113 animal
1015 1089 1183 1113 araneus
1200 1079 1337 1126 spinae
1353 1078 1393 1112 in

221 1139 335 1176 dorso
348 1140 485 1176 aculeo
499 1143 650 1177 noxius.
706 1141 776 1178 sed
790 1141 941 1177 nullum
954 1154 1121 1191 usquam
1135 1140 1394 1178 execrabilius

222 1217 341 1254 quarn
366 1204 498 1241 radius
525 1218 644 1254 super
668 1205 838 1242 caudam
865 1208 1042 1242 eminens
1068 1208 1248 1256 trygonis
1275 1218 1394 1255 quam

221 1271 345 1305 nostri
386 1273 634 1318 pastinacam
677 1270 896 1319 appellant,
939 1270 1202 1320 quincunciali
1244 1272 1394 1320 magni-

221 1333 384 1376 tudine3
421 1333 580 1370 arbores
604 1334 746 1371 infixus
769 1334 890 1371 radici
913 1340 1046 1378 necat,
1069 1347 1177 1370 arma
1200 1340 1245 1371 ut
1267 1333 1394 1371 telum

224 1397 402 1446 perforat
421 1400 456 1433 vi
476 1397 569 1434 ferri
590 1404 630 1435 et
650 1401 792 1435 veneni
811 1399 928 1435 malo.

277 1461 466 1498 LXXIII.
498 1462 660 1499 Morbos
674 1465 855 1499 universa
864 1476 1013 1513 genera
1021 1465 1253 1513 piscium,ut
1261 1468 1395 1500 cetera

223 1526 407 1562 animalia
434 1529 556 1563 etiam
582 1526 681 1571 fera,
707 1540 784 1563 non
811 1530 1023 1576 accipimus
1049 1530 1219 1571 sentire3
1260 1541 1394 1564 verum

224 1596 432 1640 aegrotare
485 1591 658 1640 singulos
711 1591 968 1628 manifestum
1020 1591 1116 1628 facit
1174 1591 1395 1642 aliquorum

222 1657 367 1690 macies
384 1668 474 1690 cum
492 1657 531 1690 in
549 1655 690 1691 eodem
707 1668 855 1705 genere
872 1658 1138 1706 praepingues
1156 1655 1221 1692 alii
1237 1658 1396 1705 capian-

221 1723 298 1754 tur.

277 1782 458 1820 LXXIV.
489 1783 671 1829 Quonam
701 1784 818 1821 modo
847 1790 1056 1834 generent,
1086 1784 1325 1822 desiderium
1354 1791 1395 1822 et

624 1869 635 1887 1
659 1869 706 1899 ibi
722 1869 796 1900 add.
814 1869 991 1900 Rackkam.

219 1998 233 2030 f
256 1959 283 2029 ἑ
301 1955 393 2029 {hili
401 1954 539 1996 chapter
558 1955 711 1986 contains
728 1966 748 1986 a
765 1955 976 1987 remarkable
999 1956 1146 1988 mixture
1163 1956 1197 1987 of
1214 1955 1311 1988 truth
1327 1956 1394 1987 and

235 2009 255 2030 a
285 2009 301 2029 e
328 2008 368 2029 00
395 2021 403 2030 .

221 2055 290 2091 268
