1482 2312
410 103 598 141 PLINY:
647 102 909 140 NATURAL
944 102 1178 140 HISTORY

218 209 375 244 nomine
413 206 593 243 laxandis
632 208 830 243 intestinis
870 205 1043 255 alioquin
1082 207 1275 242 concretis
1314 205 1381 243 de-

217 276 356 308 vorant
380 270 581 320 friantque
597 270 610 293 1
636 270 809 307 surculos
834 269 1020 306 dentibus
1037 269 1052 292 2
1077 268 1382 318 praedomantes

217 348 297 371 ora.
351 334 450 371 oculi
490 347 625 371 eorum
664 333 919 377 hebetantur,
948 346 1025 382 qua
1059 335 1231 369 maxime
1264 346 1382 369 causa

217 398 325 436 favos
346 404 556 448 expetunt,
576 404 620 434 ut
639 397 966 434 convulneratum
986 397 1035 432 ab
1055 397 1194 445 apibus
1215 410 1256 433 os
1276 396 1381 433 levet

136 468 197 498 130
216 465 408 512 sanguine
445 462 702 512 gravedinem
742 461 863 497 illam.
928 460 1252 497 invalidissimum
1295 473 1383 497 urso

217 532 352 575 caput,
385 526 491 576 quod
524 526 625 562 leoni
660 526 947 567 firmissimum;
994 524 1083 560 ideo
1116 530 1314 575 urguente
1346 526 1382 560 vi

217 593 516 640 praecipitaturi
546 603 587 626 se
619 603 667 626 ex
698 589 830 638 aliqua
859 602 957 638 rupe
987 588 1168 625 manibus
1197 593 1384 637 cooperto

217 657 427 698 iaciuntur,
472 667 517 690 ac
561 667 682 703 saepe
728 656 767 689 in
811 652 962 689 harena
1005 651 1172 702 colapho
1217 652 1384 689 infracto

219 721 508 755 exanimantur.
562 718 725 754 cerebro
753 717 986 754 veneficium
1013 719 1141 753 inesse
1169 717 1385 766 Hispaniae

217 782 399 826 credunt,
420 785 715 831 occisorumque
737 784 776 817 in
797 781 1033 830 spectaculis
1054 783 1187 830 capita
1207 785 1385 817 cremant

218 852 383 890 testato,
417 849 603 896 quoniam
637 851 777 895 potum
811 848 850 881 in
884 847 1057 881 ursinam
1091 845 1243 881 rabiem
1276 849 1384 894 agat.

138 915 194 947 131
216 910 494 960 ingrediuntur
516 916 557 947 et
586 909 773 959 bipedes;
811 909 991 946 arborem
1021 911 1145 945 aversi
1175 908 1384 958 derepunt.

219 980 354 1011 tauros
383 987 431 1011 ex
460 987 526 1011 ore
554 974 817 1023 cornibusque
846 987 982 1010 eorum
1010 973 1191 1010 omnibus
1220 972 1386 1022 pedibus

219 1041 397 1087 suspensi
422 1038 597 1088 pondere
622 1037 819 1088 fatigant3
854 1050 927 1074 nec
952 1037 1068 1074 alteri
1093 1037 1323 1074 animalium
1347 1039 1386 1073 in

220 1102 413 1139 maleficio
435 1102 607 1139 stultitia
626 1102 833 1139 sollertior.
888 1101 1096 1138 annalibus
1122 1107 1306 1138 notatum
1326 1106 1387 1137 est

222 1166 279 1203 M.
312 1166 453 1203 Pisone
489 1167 546 1203 M.
585 1165 760 1202 Messala
802 1179 898 1203 coss.
943 1178 978 1202 a.
1013 1165 1050 1202 d.
1085 1178 1149 1202 xlv
1182 1165 1261 1202 kal.
1296 1164 1385 1202 Oct.

222 1231 442 1267 Domitium
488 1229 799 1266 Ahenobarbum
844 1229 1013 1266 aedilem
1058 1229 1234 1266 curulem
1278 1242 1386 1266 ursos

221 1294 448 1331 Numidicos
475 1300 636 1331 centum
665 1300 706 1330 et
733 1293 903 1330 totidem
931 1299 1140 1330 venatores
1168 1291 1387 1342 Aethiopas

221 1361 259 1394 in
284 1361 385 1395 circo
409 1358 577 1395 dedisse.
633 1361 751 1394 miror
775 1357 975 1395 adiectum
1002 1357 1229 1394 Numidicos
1254 1356 1388 1400 fuisse,

220 1436 310 1459 cum
330 1425 370 1458 in
391 1423 525 1459 Africa
546 1436 678 1459 ursum
700 1435 778 1458 non
798 1424 907 1472 gigni
928 1427 1098 1459 constet.

140 1491 199 1522 132
273 1486 352 1523 LV.
383 1486 617 1523 Conduntur
633 1486 764 1523 hieme
783 1492 823 1522 et
842 1485 995 1522 Pontici
1013 1499 1158 1530 mures,
1176 1485 1386 1522 dumtaxat

221 1550 315 1594 albi,
330 1563 497 1600 quorum
509 1550 691 1600 palatum
708 1553 746 1586 in
762 1556 882 1600 gustu
895 1552 1191 1600 sagacissimum
1208 1555 1387 1586 auctores

222 1627 394 1664 quonam
432 1614 550 1652 modo
590 1614 861 1650 intellexerint
900 1616 1030 1651 miror.
1084 1613 1310 1650 conduntur
1347 1619 1389 1650 et

222 1678 369 1728 Alpini,
389 1679 530 1728 quibus
559 1678 793 1728 magnitudo
816 1677 979 1715 melium
1005 1684 1079 1722 est,
1098 1677 1168 1715 sed
1186 1677 1224 1713 hi
1243 1676 1389 1727 pabulo

320 1797 333 1817 ²
356 1797 511 1838 Mayhoff
522 1810 529 1829 ε
554 1797 721 1838 circaque.
878 1796 891 1815 ²
914 1796 1070 1837 Mayhoff
1081 1809 1088 1828 ε
1113 1796 1280 1828 dentium.

479 1940 493 1957 ⁸
517 1939 553 1968 61
580 1946 644 1969 B.0.
916 1935 929 1956 δ
953 1936 1125 1968 Marmots.

224 2018 269 2053 92
