1482 2312
159 521 200 551 62

162 1009 202 1038 63

165 1565 206 1596 64

425 134 591 173 PLINY
606 148 615 172 ε
664 134 926 172 NATURAL
962 133 1197 171 HISTORY

225 238 346 275 lanati
373 251 396 274 a
421 237 590 274 candore
617 236 862 286 mollitiaque
887 238 1025 272 carnis.
1081 235 1291 272 asellorum
1315 235 1394 272 duo

225 320 386 358 genera,
415 306 550 357 collyri
567 306 581 328 1
611 308 782 342 minores
811 310 853 342 et
881 303 1019 342 bacchi
1049 307 1115 354 qui
1146 318 1224 341 non
1253 307 1326 341 nisi
1355 307 1395 341 in

226 376 306 413 alto
324 378 547 426 capiuntur,
565 375 655 412 ideo
673 374 840 425 praelati
858 374 1063 424 prioribus.
1120 379 1162 410 at
1179 376 1220 410 in
1237 373 1339 424 lupis
1355 375 1395 409 in

227 459 342 482 amne
363 447 469 495 capti
490 443 781 495 praeferuntur.

276 514 425 551 XXIX.
456 514 569 551 Nunc
603 516 846 564 principatus
880 526 990 550 scaro
1024 513 1156 557 datur,
1190 515 1257 562 qui
1291 512 1395 549 solus

227 587 394 635 piscium
414 584 558 621 dicitur
581 585 779 619 ruminare
804 582 1016 632 herbisque
1042 584 1145 618 vesci
1170 587 1292 632 atque
1318 594 1396 618 non

228 654 311 691 aliis
351 653 537 704 piscibus,
578 652 792 702 Carpathio
832 654 1005 688 maxime
1047 653 1143 687 mari
1185 650 1396 701 frequens3

227 725 545 773 promunturium
585 721 749 758 Troadis
787 721 956 758 Lectum
994 733 1212 770 numquam
1253 725 1396 770 sponte

227 795 381 830 transit.
436 792 528 829 inde
575 791 762 828 advectos
807 790 965 827 Tiberio
1008 789 1173 826 Claudio
1219 791 1396 840 principe

229 862 403 912 Optatus
448 874 469 898 e
512 861 663 898 libertis
707 863 790 897 eius
834 859 1062 910 praefectus
1116 859 1248 896 classis
1292 861 1397 896 inter

229 932 457 969 Ostiensem
480 937 522 967 et
544 930 785 980 Campaniae
802 943 911 966 oram
934 942 1087 979 sparsos
1110 929 1397 972 disseminavit,

229 1003 499 1052 quinquennio
520 999 603 1037 fere
624 1013 717 1036 cura
737 998 917 1036 adhibita
937 1004 982 1036 ut
1001 1001 1108 1048 capti
1135 997 1398 1035 redderentur

229 1073 339 1108 mari.
393 1076 534 1120 postea
560 1069 791 1119 frequentes
818 1070 1074 1105 inveniuntur
1102 1067 1243 1105 Italiae
1269 1067 1399 1112 litore,

229 1154 308 1177 non
335 1145 456 1177 antea
481 1140 535 1176 ibi
563 1141 692 1189 capti3
735 1138 990 1188 admovitque
1018 1138 1091 1174 sibi
1118 1137 1212 1188 gula
1239 1150 1399 1187 sapores

230 1210 401 1260 piscibus
425 1211 520 1246 satis
545 1214 587 1245 et
610 1221 755 1245 novum
777 1207 945 1245 incolam
969 1209 1067 1244 mari
1091 1206 1217 1251 dedit,
1241 1219 1291 1243 ne
1315 1209 1401 1257 quis

230 1281 459 1330 peregrinas
495 1291 586 1315 aves
620 1278 770 1315 Romae
806 1290 945 1327 parere
981 1278 1157 1314 miretur.
1223 1278 1404 1327 proxima

231 1355 292 1386 est
314 1362 451 1386 mensa
471 1350 590 1385 iecori
612 1347 823 1384 dumtaxat
844 1346 1104 1383 mustelarum
1126 1359 1238 1396 quas,
1260 1348 1403 1382 mirum

231 1419 354 1463 dictu,
376 1420 480 1455 inter
501 1417 624 1468 Alpes
647 1430 805 1467 quoque
827 1416 933 1453 lacus
956 1416 1122 1453 Raetiae
1145 1415 1399 1466 Brigantinus

232 1488 406 1526 aemulas
422 1489 581 1524 marinis
597 1492 777 1537 generat.

281 1557 407 1594 XXX.
437 1557 497 1594 Ex
538 1556 689 1606 reliqua
728 1555 937 1593 nobilitate
978 1561 1019 1592 et
1058 1557 1188 1605 gratia
1226 1556 1399 1591 maximo

233 1634 295 1665 est
311 1633 353 1664 et
369 1629 482 1677 copia
498 1626 641 1670 mullis,
657 1628 758 1662 sicut
775 1624 1010 1675 magnitudo
1025 1624 1194 1668 modica,
1209 1624 1402 1674 binasque

232 1697 351 1734 libras
385 1696 571 1747 ponderis
606 1709 693 1732 raro
729 1694 944 1731 admodum
980 1699 1220 1744 exuperant,
1256 1706 1329 1730 nec
1365 1695 1405 1730 in

234 1768 387 1804 vivariis
408 1767 646 1816 piscinisque
660 1770 854 1801 crescunt.
910 1763 1233 1814 septentrionalis
1246 1768 1405 1800 tantum

233 1835 304 1873 hos
343 1841 385 1873 et
423 1837 603 1886 proxima
642 1834 858 1871 occidentis
897 1839 1012 1883 parte
1051 1835 1183 1883 gignit
1221 1845 1403 1870 oceanus.

446 1954 458 1974 1
481 1952 637 1985 callariae
653 1952 848 1984 Hermolaus
865 1963 902 1984 ex
918 1951 1034 1983 Athen.
1054 1951 1111 1981 vii.
1129 1951 1202 1983 315.

236 2060 305 2094 204
