1482 2312
391 148 557 186 PLINY
571 162 580 185 ε
632 148 894 186 NATURAL
931 147 1167 186 HISTORY

195 251 331 289 molles
365 253 530 302 piscium
563 253 731 302 generis.
786 251 852 287 ubi
886 257 979 287 sunt
1007 252 1129 294 nervi,
1157 252 1364 288 interiores

196 314 421 350 conducunt
448 313 640 357 membra,
668 314 891 363 superiores
919 318 1116 349 revocant.

113 380 174 411 219
246 375 467 412 LXXXIX.
499 375 609 412 Inter
627 373 696 411 hos
717 374 844 411 latent
864 376 1047 417 arteriae,
1066 373 1106 410 id
1125 379 1187 410 est
1205 375 1365 424 spiritus

196 439 384 479 semitae;
414 436 473 473 his
503 439 687 473 innatant
718 449 856 480 venae,
886 435 926 472 id
958 441 1018 472 est
1048 437 1249 486 sanguinis
1279 438 1364 472 rivi.

196 501 431 536 arteriarum
458 498 591 548 pulsus
614 500 654 534 in
679 499 882 535 cacumine
904 499 1076 534 maxime
1098 497 1364 534 membrorum

197 560 358 597 evidens
395 560 514 597 index
551 559 634 597 fere
671 561 911 604 morborum,
947 562 988 595 in
1024 559 1202 596 modulos
1238 565 1367 596 certos

198 622 386 673 legesque
420 625 604 659 metricas
634 635 705 672 per
734 621 1095 658 aetates—stabilis
1125 627 1195 658 aut
1221 623 1367 658 citatus

197 690 266 721 aut
290 684 690 735 tardus—discriptus
715 685 765 720 ab
790 683 1006 734 Herophilo
1030 683 1250 720 medicinae
1275 688 1366 720 vate

196 746 376 783 miranda
393 752 478 783 arte
492 758 501 790 ;
532 749 694 783 nimiam
712 751 874 796 propter
891 745 1156 796 suptilitatem
1172 745 1366 790 desertus,

197 809 470 846 observatione
494 814 632 845 tamen
655 809 781 845 crebri
806 813 876 845 aut
899 807 1076 858 languidi
1098 809 1200 844 ictus
1224 808 1365 858 guber-

112 874 176 907 220
195 870 334 907 nacula
354 872 458 907 vitae
480 870 711 920 temperat}
767 872 936 907 arteriae
959 874 1096 906 carent
1124 882 1254 914 sensu,
1274 882 1365 906 nam

197 937 239 969 et
262 934 467 982 sanguine,
488 945 561 969 nec
586 945 722 969 omnes
742 931 904 969 vitalem
929 933 1137 968 continent
1162 933 1366 981 spiritum3

196 996 460 1044 praecisisque
482 996 672 1044 torpescit
693 999 852 1030 tantum
872 1007 962 1044 pars
984 1006 1031 1030 ea
1051 995 1233 1043 corporiS.
1274 1005 1366 1030 aves

197 1069 269 1093 nec
288 1069 407 1093 venas
427 1069 500 1093 nec
519 1058 683 1093 arterias
702 1055 866 1100 habent,
885 1058 984 1092 item
1002 1060 1222 1105 serpentes,
1241 1060 1365 1092 testu-

196 1118 322 1162 dines,
345 1117 530 1162 lacertae,
552 1120 838 1168 minimumque
861 1119 1072 1168 sanguinis.

246 1179 382 1217 Venae
420 1182 460 1216 in
499 1185 737 1230 praetenues
775 1185 976 1230 postremo
1015 1178 1187 1216 fimbrias
1226 1184 1362 1229 supter

196 1247 324 1279 totam
339 1247 473 1279 cutem
488 1241 688 1291 dispersae
705 1241 804 1278 adeo
819 1244 859 1277 in
875 1246 1086 1292 angustam
1101 1240 1365 1291 suptilitatem

196 1309 413 1340 tenuantur
442 1309 487 1341 ut
516 1309 727 1354 penetrare
757 1305 915 1354 sanguis
945 1316 1024 1339 non
1053 1304 1177 1353 possit
1207 1301 1362 1339 aliudve

196 1379 316 1416 quam
345 1368 497 1402 excitus
514 1365 528 1388 ²
550 1379 661 1402 umor
681 1366 731 1402 ab
760 1365 825 1402 illo
853 1365 1120 1402 cacuminibus
1150 1366 1363 1401 innumeris

196 1426 290 1477 qui3
311 1419 429 1464 sudor
455 1427 687 1477 appellatur.
745 1440 932 1463 venarum
961 1429 1000 1462 in
1029 1426 1213 1463 umbilico
1242 1425 1364 1462 nodus

197 1503 240 1526 ac
264 1491 401 1526 coitus.

113 1556 171 1585 221
244 1550 326 1588 XC.
362 1550 529 1602 Sanguis
563 1551 705 1600 quibus
739 1550 887 1587 multus
921 1556 961 1587 et
991 1551 1148 1600 pinguis
1176 1549 1364 1586 iracundi.

196 1613 369 1650 maribus
407 1626 526 1663 quam
563 1612 721 1649 feminis
759 1615 906 1663 nigrior
943 1618 984 1649 et
1022 1614 1211 1648 iuventae
1248 1624 1364 1662 quam

196 1677 328 1718 senio3
365 1680 406 1712 et
426 1674 612 1711 inferiore
640 1680 755 1724 parte
779 1676 974 1724 pinguior.
1031 1686 1177 1724 magna
1198 1679 1240 1710 et
1260 1675 1302 1709 in
1321 1686 1364 1710 ec

255 1777 266 1796 ¹
291 1778 342 1809 val.
361 1782 573 1818 temperant:
602 1778 808 1818 temperavit
821 1779 877 1815 (sc.
897 1777 1142 1818 Herophilus)?
1168 1776 1346 1808 Rackham.

253 1819 265 1838 ²
289 1820 464 1861 Maylzoff:
490 1820 601 1850 exitus
617 1825 674 1851 aut
690 1819 795 1851 exilis.

247 1865 260 1882 ³
284 1865 341 1904 qui
365 1868 439 1896 ante
454 1864 689 1895 cacuminibus
707 1863 795 1894 codd.
810 1872 817 1893 :
844 1863 941 1894 exilis
957 1873 1055 1893 umor
1070 1861 1114 1894 ab
1133 1887 1139 1893 .
1166 1887 1172 1893 .
1201 1887 1207 1892 .
1225 1860 1281 1892 illo
1298 1872 1356 1894 cac

204 1907 332 1938 innum.
354 1907 527 1945 <stillans>
548 1908 618 1947 qui,
638 1911 665 1938 et
681 1906 750 1938 abia
769 1906 837 1937 edd.
859 1909 914 1938 vet.

325 2014 337 2027 ‘¹
363 2010 409 2042 Or
427 2010 577 2052 possibly
600 2009 673 2041 ‘He
699 2035 705 2041 .
733 2035 739 2041 .
767 2035 774 2041 .
799 2010 850 2041 his
876 2034 882 2041 .
910 2034 917 2041 .
944 2034 951 2041 .
977 2009 1018 2040 he
1037 2008 1194 2050 supplied
1208 2007 1228 2040 '.

198 2084 266 2120 570
