1482 2312
152 715 213 745 150

151 1291 207 1322 151

435 158 600 197 PLINY
615 174 623 196 :
674 160 935 198 NATURAL
972 161 1205 199 HISTORY

234 261 431 300 radicibus
465 275 684 299 recrescere
718 265 757 298 in
789 266 935 312 petris3
981 266 1127 300 cruoris
1160 277 1318 313 quoque
1350 267 1406 300 in-

235 325 374 363 haeret
403 326 521 369 colos,
551 325 693 363 Africis
723 330 935 376 praecipue
966 340 1067 376 quac
1097 334 1340 376 generantur
1368 330 1406 364 in

234 389 427 441 Syrtibus.
482 393 680 426 maximae
726 390 824 427 fiunt
869 404 1011 427 manoe
1049 391 1119 428 sed
1157 391 1407 428 mollissimae

234 457 337 491 circa
365 454 543 504 Lyciam,
569 457 608 490 in
636 454 831 503 profundo
859 461 995 491 autem
1023 468 1095 491 nec
1124 461 1286 492 ventoso
1313 455 1408 492 mol—

234 518 372 561 liores3
427 521 466 554 in
509 518 771 567 Hellesponto
813 531 993 567 asperae,
1035 525 1077 555 et
1118 519 1265 555 densae
1306 522 1408 556 circa

237 582 427 618 Maleam.
482 588 717 631 putrescunt
734 584 774 618 in
791 585 931 631 apricis
948 582 1054 625 locis,
1071 582 1161 619 ideo
1177 586 1352 632 optimae
1368 586 1407 620 in

234 646 470 696 gurgitibus.
527 647 750 682 viventibus
778 646 884 683 idem
914 649 978 696 qui
1009 647 1262 684 madentibus
1291 650 1407 698 nigri-

236 723 330 747 cans
376 710 492 747 colos.
548 709 768 747 adhaerent
805 724 877 747 nec
912 716 1027 760 parte
1063 724 1135 748 nec
1169 717 1304 755 totae3
1352 715 1408 747 in-

235 780 392 810 tersunt
415 777 519 811 enim
542 774 698 811 fistulae
715 774 912 824 quaedam
935 778 1072 811 inanes
1089 781 1308 825 quaternae
1324 775 1407 812 fere

234 844 304 875 aut
337 841 495 888 quinae,
528 851 598 887 per
629 852 726 888 quas
758 842 862 888 pasci
897 841 1186 875 existimantur.
1242 846 1334 877 sunt
1367 846 1408 877 et

234 902 349 945 aliae,
372 902 441 939 sed
464 915 634 951 superne
657 909 890 945 concretae3
927 909 968 939 et
992 903 1154 940 subesse
1176 904 1408 941 membrana

235 966 432 1016 quaedam
493 967 689 1003 radicibus
747 980 882 1003 earum
940 967 1201 1017 intellegitur.
1275 971 1406 1006 vivere

233 1036 390 1067 constat
422 1030 540 1081 longo
578 1036 771 1080 tempore.
827 1034 1043 1080 pessimum
1075 1035 1251 1068 omnium
1282 1046 1408 1083 genus

234 1100 294 1130 est
330 1108 465 1131 earum
502 1108 604 1144 quae
639 1095 815 1145 aplysiae
852 1101 1056 1139 vocantur,
1092 1099 1184 1145 quia
1218 1096 1295 1133 elui
1330 1110 1407 1134 non

234 1165 412 1207 possunt,
441 1162 480 1194 in
509 1159 650 1209 quibus
680 1172 851 1209 magnae
880 1165 973 1196 sunt
1002 1159 1158 1197 fistulae
1188 1166 1229 1198 et
1256 1161 1407 1212 reliqua

233 1222 408 1259 densitas
428 1226 564 1272 spissa.

288 1286 409 1323 LXX.
439 1287 716 1324 Canicularum
750 1290 923 1324 maxime
958 1288 1172 1325 multitudo
1206 1292 1307 1326 circa
1342 1303 1408 1328 eas

233 1354 436 1388 urinantes
473 1354 582 1401 gravi
620 1351 794 1401 periculo
836 1351 1013 1389 infestat.
1070 1355 1139 1401 ipsi
1184 1352 1318 1390 ferunt
1367 1360 1409 1391 et

233 1415 381 1451 nubem
416 1415 616 1465 quandam
650 1429 890 1452 crassescere
926 1429 1045 1465 super
1077 1420 1210 1466 capita
1245 1418 1408 1467 (animal

233 1478 302 1514 idl
348 1479 555 1528 planorum
605 1483 768 1528 piscium
818 1480 944 1517 simile
961 1479 993 1530 2)
1034 1487 1284 1530 prementem
1341 1495 1406 1519 eos

233 1549 517 1593 arcentemque
545 1557 568 1580 a
596 1544 889 1593 reciprocando,
918 1551 959 1581 et
987 1545 1037 1581 ob
1065 1545 1105 1581 id
1132 1545 1241 1582 stilos
1269 1559 1408 1595 praea-

232 1613 345 1644 cutos
367 1607 479 1644 lineis
502 1608 678 1645 adnexos
701 1607 848 1645 habere
872 1622 972 1652 sese,
995 1611 1087 1658 quia
1110 1612 1181 1646 nisi
1205 1609 1406 1659 perfossae

233 1673 289 1708 ita
324 1684 400 1708 non
437 1672 856 1722 recedant—caliginis
886 1678 927 1709 et
955 1676 1123 1722 pavoris,
1152 1679 1196 1710 ut
1225 1674 1406 1718 arbitror,

232 1748 374 1784 opere:
419 1737 567 1773 nubem
599 1740 702 1773 enim
735 1743 775 1773 et
806 1737 1007 1781 nebulam,
1037 1740 1146 1774 cuius
1177 1741 1336 1775 nomine
1365 1738 1405 1775 id

332 1821 344 1840 ¹
368 1821 553 1861 Detlefsen:
578 1821 730 1852 animali.
913 1822 925 1840 ²
948 1822 1137 1854 Rackham:
1161 1822 1318 1854 similem.

404 1912 417 1926 ⁰
441 1907 480 1939 In
496 1908 554 1939 the
570 1908 649 1940 Gulf
663 1908 698 1939 of
711 1908 808 1941 Sidra
822 1908 890 1939 and
905 1908 963 1940 the
979 1909 1059 1941 Gulf
1072 1909 1106 1940 oi
1119 1909 1236 1942 Cabes.

406 1950 418 1969 δ
440 1951 601 1992 Literally
627 1951 890 1983 ‘unwashableff

407 1998 418 2013 ⁶
440 1994 611 2035 Probably
633 1994 691 2025 the
712 1994 803 2035 large
824 2005 894 2037 ray.

228 2055 297 2100 264
