1482 2312
141 444 201 475 163

140 699 202 731 164

143 1337 204 1368 165

417 145 605 184 PLINY:
656 145 919 183 NATURAL
954 145 1189 183 HISTORY

223 248 348 298 squali
369 251 471 285 circa
493 251 804 298 aequinoctium,
827 248 964 284 molles
986 261 1091 291 vere,
1113 250 1247 296 saepia
1269 261 1388 284 omm—

221 312 294 349 bus
312 313 510 349 mensibus
525 325 532 347 ε
564 325 636 348 ova
653 315 736 348 eius
752 311 906 361 glutino
923 314 1134 348 atramenti
1153 311 1204 347 ad
1219 314 1391 360 speciem

224 389 322 412 uvae
344 375 598 412 cohaerentia
621 375 814 411 masculus
836 378 1088 424 prosequitur
1110 375 1274 418 adflatu,
1296 375 1391 412 alias

225 439 487 476 sterilescunt.
542 439 674 488 polypi
703 438 833 475 hieme
854 445 1014 481 coeunt,
1032 441 1190 487 pariunt
1209 451 1300 475 vere
1319 451 1391 475 ova

222 503 345 540 tortili
363 504 517 540 vibrata
534 506 735 552 pampino,
752 508 868 539 tanta
885 502 1132 539 fecunditate
1151 509 1195 539 ut
1214 502 1392 539 multitu-

223 568 357 604 dinem
383 580 544 603 ovorum
570 569 684 604 occisi
711 579 789 603 non
816 569 1008 615 recipiant
1029 579 1125 603 cavo
1150 569 1290 615 capitis
1316 580 1393 616 q-uo

223 637 489 681 praegnantes
516 631 657 667 tulere.
727 644 775 667 ea
804 630 1021 667 excludunt
1050 642 1071 666 L
1096 630 1175 674 die,
1203 644 1224 667 e
1251 630 1392 680 quibus

226 694 351 731 multa
393 701 555 744 propter
596 707 805 731 numerum
836 694 1090 731 intercidunt,
1144 692 1320 731 locustae
1352 700 1394 731 et

224 758 374 808 reliqua
403 761 593 795 tenuioris
621 764 778 795 crustae
812 764 965 807 ponunt
1000 771 1072 794 ova
1107 758 1245 794 subter
1277 757 1392 807 ipsal

224 828 347 872 atque
377 825 433 859 ita
464 823 675 859 incubant:
719 822 887 872 polypus
917 821 1065 858 femina
1095 821 1212 858 modo
1242 824 1281 857 in
1311 824 1392 858 ovis

224 886 352 930 sedet,
407 886 523 923 modo
579 899 788 923 cavernam
845 886 1066 922 cancellato
1122 885 1394 922 bracchiorum

223 950 386 999 inplexu
436 950 597 987 claudit.
653 952 787 999 saepia
838 952 877 985 in
927 956 1086 986 terreno
1136 953 1240 999 parit
1291 952 1395 986 inter

224 1013 464 1051 harundines
498 1020 567 1050 aut
600 1014 721 1050 sicubi
757 1019 877 1050 enata
910 1014 1014 1063 alga,
1047 1013 1223 1050 excludit
1256 1016 1395 1063 quinto

225 1077 378 1114 decimo
399 1077 474 1115 die.
529 1077 724 1127 lolligines
745 1080 784 1113 in
804 1077 885 1114 alto
911 1083 1093 1114 conserta
1113 1090 1185 1114 ova
1207 1077 1330 1114 edunt
1350 1082 1395 1114 ut

225 1144 396 1191 saepiae.
451 1155 662 1191 purpurae,
714 1144 880 1178 murices
932 1140 1189 1190 eiusdemque
1239 1144 1394 1191 generis

225 1218 317 1242 vere
346 1208 516 1254 pariunt.
573 1205 698 1242 echini
729 1218 801 1242 ova
830 1205 1054 1254 pleniluniis
1077 1204 1227 1242 habent
1250 1204 1395 1249 hieme,

227 1274 268 1306 et
287 1269 445 1306 cocleae
465 1269 629 1306 hiberno
649 1275 830 1318 tempore
850 1276 1075 1305 nascuntur.

280 1332 437 1370 LXXV.
466 1333 647 1382 Torpedo
663 1339 876 1383 octogenos
891 1332 997 1369 fetus
1012 1332 1162 1369 habens
1184 1334 1395 1377 invenitur,

227 1409 354 1447 eaque
378 1400 481 1434 intra
504 1411 546 1433 se
570 1401 673 1446 parit
698 1410 770 1433 ova
793 1396 1038 1446 praemollia,
1062 1399 1101 1433 in
1124 1396 1245 1433 alium
1268 1396 1394 1433 locum

227 1463 329 1497 uteri
356 1460 599 1497 transferens
628 1469 750 1510 atque
779 1461 829 1497 ibi
859 1460 1096 1503 excludens3
1137 1460 1251 1497 simili
1279 1460 1396 1497 modo

227 1528 358 1561 omnia
377 1538 479 1574 quae
497 1524 756 1574 cartilaginea
775 1524 1081 1574 appellavimus:
1115 1527 1171 1560 ita
1190 1524 1233 1561 fit
1253 1530 1297 1560 ut
1315 1524 1397 1561 sola

227 1592 390 1638 piscium
411 1595 452 1625 et
473 1589 618 1625 animal
640 1592 796 1638 pariant
818 1595 858 1625 et
875 1601 947 1625 ova
966 1591 1202 1638 concipiant.
1257 1587 1396 1625 silurus

228 1666 311 1689 mas
350 1652 454 1690 solus
494 1655 668 1690 omnium
710 1652 817 1689 edita
856 1652 1029 1689 custodit
1069 1666 1154 1696 ova,
1194 1665 1314 1701 saepe
1354 1658 1396 1689 et

229 1719 518 1767 quinquagenis
571 1716 724 1760 diebus,
778 1729 828 1753 ne
883 1716 1141 1753 absumantur
1194 1715 1244 1751 ab
1297 1715 1394 1752 aliis.

227 1786 387 1818 ceterae
404 1780 576 1817 feminae
594 1783 633 1816 in
650 1780 781 1817 triduo
799 1780 1014 1817 excludunt
1033 1783 1062 1817 si
1081 1793 1164 1816 mas
1181 1782 1330 1829 attigit.

459 1878 471 1896 ¹
497 1876 652 1917 Mayhosf
663 1887 700 1908 ex
716 1876 886 1907 Aristotele
901 1888 907 1906 :
934 1886 1035 1917 super
1051 1886 1126 1907 ova.

713 1999 729 2015 ⁶
750 1996 811 2027 see
830 1997 911 2036 §va

227 2068 296 2104 274
