1482 2312
163 614 203 644 37

164 1253 205 1284 38

426 121 592 160 PLINY
606 135 615 159 :
667 122 929 160 NATURAL
965 122 1199 160 HISTORY

230 225 343 276 prodi
384 226 641 261 stertentium
683 227 838 267 sonitu3
894 229 981 261 tum
1023 224 1215 262 adnatare
1257 224 1400 262 leniter

230 288 392 339 singulis
422 293 570 332 ternos,
601 301 624 324 a
654 287 808 325 duobus
838 290 879 324 in
905 287 1065 325 dorsum
1092 291 1208 332 verti,
1231 301 1255 325 a
1280 291 1401 326 tertio

231 352 417 402 laqueum
444 353 534 388 inici
562 354 727 402 supinae
755 357 878 401 atque
904 354 963 388 ita
990 364 1011 388 e
1040 357 1147 388 terra
1175 365 1198 388 a
1223 351 1400 402 pluribus

230 415 345 453 trahi.
399 418 439 452 in
487 414 698 452 Phoenicio
744 417 843 452 mari
889 414 996 452 haud
1042 415 1122 452 ulla
1167 415 1401 453 difficultate

229 482 461 530 capiuntur;
502 479 686 529 ultroque
712 481 877 516 veniunt
902 484 1009 516 stato
1035 485 1217 529 tempore
1243 482 1336 516 anni
1360 482 1400 516 in

230 557 388 580 amnem
410 543 672 580 Eleutherum
695 542 818 580 effusa
839 542 1108 580 multitudine.

282 607 437 644 Dentes
473 620 551 644 non
586 612 679 643 sunt
713 607 921 651 testudini,
957 612 1018 644 set
1053 609 1168 644 rostri
1203 610 1402 658 margines

230 673 336 708 acuti
363 684 533 721 superna
560 677 689 721 parte,
715 672 942 707 interiorem
968 670 1182 708 claudente
1208 671 1401 722 pyxidum

229 735 346 772 modo
371 741 486 771 tanta
510 737 585 771 oris
609 734 756 771 duritia
779 740 825 771 ut
848 734 1000 785 lapides
1023 737 1307 772 comminuant.
1362 738 1402 772 in

232 802 329 836 mari
362 798 575 849 conchyliis
608 801 758 843 vivunt,
789 800 829 835 in
859 804 1009 835 terram
1041 811 1224 848 egressae
1255 797 1400 836 herbis.

231 866 391 913 pariunt
418 876 491 899 ova
517 865 648 899 avium
674 865 756 899 ovis
782 861 924 899 similia
949 862 1000 899 ad
1025 868 1198 899 centena
1224 876 1402 907 numero,

233 940 362 976 eaque
400 926 557 963 defossa
594 932 710 963 extra
747 939 869 976 aquas
907 931 949 963 et
986 931 1175 976 cooperta
1210 932 1320 964 terra
1356 940 1401 963 ac

232 990 396 1041 pavita1
428 996 591 1041 pectore
624 996 666 1027 et
697 989 950 1040 complanata
981 991 1172 1027 incubant
1205 991 1399 1028 noctibus.

232 1054 407 1091 educunt
427 1053 532 1091 fetus
552 1067 683 1090 annuo
702 1056 843 1104 spatio.
899 1053 1061 1104 quidam
1081 1053 1200 1091 oculis
1220 1060 1402 1104 spectan-

231 1118 361 1168 doque
379 1132 452 1155 ova
468 1117 591 1155 foveri
608 1119 658 1154 ab
674 1120 720 1154 iis
736 1123 896 1168 putant,
913 1117 1081 1154 feminas
1097 1120 1246 1154 coitum
1263 1117 1402 1169 fugere

231 1182 357 1219 donec
407 1195 490 1219 mas
541 1181 736 1219 festucam
786 1181 959 1231 aliquam
1010 1184 1175 1232 inponat
1225 1195 1399 1219 aversae.

231 1246 486 1297 Trogodytae
526 1248 750 1296 cornigeras
782 1245 934 1282 habent
962 1251 1007 1282 ut
1037 1248 1076 1282 in
1115 1245 1200 1296 lyra
1238 1245 1404 1283 adnexis

232 1311 413 1347 cornibus
450 1310 540 1347 latis
576 1310 647 1347 sed
683 1309 908 1354 mobilibus,
945 1323 1112 1359 quorum
1148 1311 1188 1346 in
1225 1310 1402 1347 natando

232 1377 396 1425 remigio
426 1387 467 1411 se
489 1374 701 1417 adiuvant3
732 1372 932 1411 chelium2
962 1373 1003 1410 id
1023 1379 1200 1418 vocatur,
1231 1376 1403 1411 eximiae

231 1438 443 1474 testudinis
487 1437 556 1475 sed
600 1450 734 1481 rarae3
792 1450 964 1487 namque
1007 1437 1155 1487 scopuli
1198 1441 1402 1488 praeacuti

233 1501 561 1552 Chelonophagos
587 1507 754 1545 terrent,
778 1501 1032 1552 Trogodytae
1057 1507 1208 1546 autem,
1231 1501 1282 1538 ad
1306 1515 1403 1552 quos

232 1566 441 1611 adnatant,
478 1572 523 1603 ut
560 1579 689 1603 sacras
727 1565 905 1602 adorant.
971 1571 1064 1603 sunt
1101 1571 1143 1602 et
1179 1571 1404 1611 terrestres,

233 1643 335 1680 quae
354 1631 404 1667 ob
422 1630 461 1667 id
479 1632 519 1666 in
539 1631 723 1681 operibus
740 1629 945 1666 chersinae
964 1634 1168 1673 vocantur,
1186 1631 1226 1666 in
1244 1628 1403 1666 Africae

232 1693 400 1731 desertis
451 1708 530 1745 qua
579 1700 694 1745 parte
745 1696 919 1731 maxime
970 1694 1197 1730 sitientibus
1247 1692 1404 1730 harenis

567 1797 578 1815 ¹
601 1800 691 1827 terra
708 1796 825 1837 pavita
841 1795 904 1827 hac
921 1795 1082 1836 Mayhoff.

564 1839 576 1857 ²
600 1839 801 1870 G.M11ller:
826 1838 975 1870 celtium.

461 1963 475 1978 ‘⁸
499 1958 639 1990 Testudo
653 1958 848 1999 πιανᾳῖ-ηαια,
863 1958 921 1989 the
937 1957 1178 1990 land-tortoise.

237 2029 302 2067 188
