1482 2312
168 765 224 796 181

449 167 638 206 PLINY:
689 168 949 206 NATURAL
985 168 1218 206 HISTORY

249 270 395 307 insulas
419 270 590 307 diximus
615 270 735 308 Asiae
758 270 950 320 scopulosi
976 273 1093 307 maris
1117 276 1211 308 ante
1235 284 1418 320 promun-

249 335 397 368 turium
437 330 586 368 Tauril
628 335 746 375 sitas;
800 332 853 368 ibi
895 331 1080 381 frequens
1121 330 1182 368 hic
1222 335 1338 381 piscis
1378 338 1419 369 et

249 392 432 429 celeriter
452 395 608 442 capitur
630 406 708 429 uno
730 406 890 443 genere.
945 406 1065 442 parvo
1088 395 1244 442 navigio
1267 399 1308 430 et
1330 406 1420 430 con-

248 453 367 490 colori
401 460 511 490 veste
545 454 767 504 eademque
800 453 896 490 hora
928 467 1000 503 per
1031 453 1182 503 aliquot
1214 454 1298 491 dies
1330 467 1420 491 con-

249 517 380 551 tinuos
427 518 599 564 piscator
646 518 833 565 enavigat
881 521 991 552 certo
1037 518 1166 564 spatio
1208 528 1419 565 escamque

249 579 411 625 proicit3
477 577 664 626 quicquid
709 590 800 614 vero
820 576 835 599 ²
875 582 1055 613 mutetur
1092 582 1276 626 suspecta
1313 577 1419 614 fraus

249 638 422 687 praedae
452 644 526 682 est,
553 644 749 688 cavetque
779 638 886 688 quod
913 641 1059 675 timuit.
1114 652 1204 674 cum
1232 638 1272 675 id
1299 651 1419 688 saepe

248 698 399 736 factum
432 706 506 743 est,
537 713 637 737 unus
668 700 880 750 aliquando
911 699 1200 737 consuetudine
1230 702 1419 737 invitatus

251 760 407 798 anthias
455 775 584 798 escam
632 764 799 811 appetit.
872 767 1036 798 notatur
1083 760 1144 798 hic
1197 764 1419 799 intentione

248 822 429 873 diligenti
471 829 515 860 ut
556 830 693 860 auctor
733 826 816 872 spei
857 823 1166 873 conciliatorque
1205 829 1420 873 capturae;

249 897 379 934 neque
396 890 456 921 est
471 884 639 929 difficile,
654 898 744 921 cum
759 898 830 934 per
844 884 996 934 aliquot
1011 884 1095 921 dies
1110 884 1214 921 solus
1230 885 1419 922 accedere

248 946 408 983 audeat.
479 946 645 983 tandem
688 952 729 983 et
768 945 895 983 alios3
939 949 1103 990 invenit,
1145 946 1419 996 paulatimque

247 1010 473 1044 comitatior
496 1014 697 1057 postremo
721 1021 864 1058 greges
889 1007 1051 1045 adducit
1075 1010 1316 1051 innumeros,
1339 1010 1419 1044 iam

248 1072 524 1106 vetustissimis
553 1070 775 1120 quibusque
804 1069 980 1106 adsuetis
1011 1072 1249 1119 piscatorem
1279 1082 1418 1120 agnos-

247 1144 337 1168 cere
373 1138 414 1168 et
450 1145 471 1168 e
505 1145 626 1168 manu
660 1132 793 1168 cibum
827 1144 979 1180 rapere.
1034 1137 1120 1168 tum
1155 1130 1222 1168 ille
1255 1131 1418 1180 paulum

247 1193 352 1229 ultra
396 1193 541 1244 digitos
587 1196 626 1229 in
673 1207 762 1230 esca
806 1193 999 1230 iaculatus
1044 1192 1206 1229 hamum
1246 1193 1418 1243 singulos

248 1255 397 1292 involat
432 1258 558 1292 verius
594 1269 712 1305 quam
746 1258 866 1304 capit,
898 1254 948 1291 ab
986 1254 1126 1291 umbra
1163 1257 1272 1291 navis
1309 1254 1417 1291 brevi

247 1322 392 1354 conatu
425 1316 615 1367 rapiens4
652 1320 708 1353 ita
741 1330 791 1353 ne
825 1319 948 1353 ceteri
981 1319 1170 1360 sentiant,
1203 1315 1280 1353 alio
1312 1319 1418 1353 intus

248 1381 473 1428 excipiente
496 1379 730 1416 centonibus
754 1385 915 1428 raptum
938 1391 988 1415 ne
1012 1378 1222 1427 palpitatio
1245 1377 1325 1414 ulla
1348 1384 1417 1415 aut

250 1453 366 1477 sonus
398 1447 551 1477 ceteros
585 1441 733 1491 abigat.
788 1440 1081 1477 conciliatorem
1114 1452 1228 1476 nosse
1261 1439 1313 1477 ad
1345 1438 1417 1476 hoc

247 1502 422 1551 prodest,
457 1516 506 1539 ne
540 1505 733 1552 capiatur,
768 1501 943 1552 fugituro
977 1504 1016 1537 in
1050 1500 1246 1551 reliquum
1279 1515 1414 1551 grege.

247 1562 379 1601 ferunt
395 1564 615 1601 discordem
630 1567 777 1601 socium
794 1564 881 1601 duci
899 1563 1127 1600 insidiatum
1142 1561 1306 1612 pulchre
1322 1569 1416 1600 noto

246 1629 396 1674 cepisse
410 1626 589 1662 malefica
602 1626 807 1662 voluntate
820 1637 829 1669 3
846 1628 1027 1676 agnitum
1042 1627 1082 1660 in
1097 1624 1264 1661 macello
1277 1637 1299 1660 a
1312 1627 1416 1661 socio

245 1690 354 1724 cuius
384 1687 526 1736 injuria
556 1694 642 1724 erat
673 1693 714 1724 ct
743 1687 877 1724 damni
907 1685 1116 1723 formulam
1147 1686 1294 1723 editam
1325 1698 1415 1723 con-

391 1777 401 1795 ¹
425 1775 527 1806 Tauri
544 1775 617 1806 add.
636 1780 706 1815 post
722 1780 803 1806 ante
820 1775 1032 1811 Hermolaus,
1050 1774 1101 1804 hic
1118 1773 1279 1814 Mayhoff.

390 1819 402 1838 2
425 1818 598 1858 Mayhoff:
623 1817 786 1858 quicquid
804 1828 845 1849 ex
862 1828 910 1849 eo.

387 1863 399 1880 ³
422 1861 530 1892 alios?
549 1860 722 1901 Mayhoff:
747 1860 892 1901 aliquos.

389 1904 402 1922 ⁴
425 1903 543 1935 Galen:
567 1907 710 1934 cona-tur
726 1904 860 1934 absens.

399 2027 413 2042 ‘³
435 2023 519 2054 Now
537 2021 635 2053 Anah
653 2022 762 2063 Dagh,
781 2022 815 2053 in
832 2021 1023 2053 south-east
1041 2020 1120 2053 Asia
1138 2021 1255 2054 Minor.

243 2085 312 2130 284
