1482 2312
158 1338 199 1367 56

426 126 591 164 PLINY
605 140 615 164 ε
665 126 927 164 NATURAL
962 126 1196 164 HISTORY

224 230 463 267 translatum
487 235 561 272 est,
583 231 647 265 vix
669 228 847 266 credibili
868 229 986 265 modo
1006 235 1261 278 torpescente
1282 234 1398 266 tanta

225 292 292 328 illa
319 291 482 327 feritate
512 293 690 340 quamvis
720 290 793 326 levi
823 292 971 327 iniectu
1001 296 1140 339 operto
1167 293 1313 339 capite,
1341 293 1399 327 ita

227 359 271 389 ut
294 352 541 389 devinciatur
569 365 648 388 non
679 364 916 401 repugnans.
973 351 1157 388 videlicet
1187 354 1312 388 omnis
1342 353 1398 388 vis

226 420 382 450 constat
402 416 442 449 in
457 413 592 457 oculis,
613 426 690 463 quo
711 416 838 450 minus
859 415 1000 449 mirum
1022 413 1065 449 fit
1085 413 1099 436 1
1119 425 1142 449 a
1163 411 1398 463 Lysimacho

227 475 443 511 Alexandri
469 478 574 511 iussu
600 474 714 511 simul
738 474 887 510 incluso
911 473 1204 524 strangulatum
1229 474 1396 510 leonem.

159 544 193 569 f>
226 540 319 586 iugo
359 536 536 573 subdidit
577 549 642 572 eos
683 538 912 585 primusque
954 535 1103 572 Romae
1143 535 1194 572 ad
1242 548 1399 571 currum

226 600 354 634 iunxit
397 597 453 634 M.
496 598 707 641 Antonius,
747 603 789 634 et
828 597 989 646 quidem
1027 596 1129 633 civili
1166 596 1273 633 bello
1309 609 1398 632 cum

226 659 456 696 dimicatum
503 665 606 695 esset
651 661 690 694 in
735 657 945 695 Pharsaliis
987 660 1151 707 campis,
1194 671 1273 694 non
1315 660 1399 694 sine

227 726 386 757 ostento
439 720 611 769 quodam
663 720 922 768 temporum,2
975 732 1187 769 generosos
1240 721 1399 768 spiritus

227 784 362 831 iugum
392 781 524 817 subire
551 781 618 817 illo
648 781 827 831 prodigio
856 781 1117 830 significante.
1172 793 1265 816 nam
1295 780 1399 830 quod

228 845 283 879 ita
310 848 446 879 vectus
473 850 533 879 est
559 855 649 878 cum
676 845 795 879 mima
823 841 1054 892 Cytheride,
1080 855 1198 891 super
1223 848 1399 878 monstra

227 906 349 940 etiam
397 903 552 939 illarum
600 903 875 940 calamitatum
925 903 1011 940 fuit.
1068 906 1215 952 primus
1264 908 1398 940 autem

227 964 428 1001 hominum
456 965 610 1001 leonem
635 977 755 1001 manu
779 970 955 1001 tractare
980 978 1096 1001 ausus
1122 970 1163 1001 et
1187 964 1399 1002 ostendere

226 1026 545 1062 mansuefactum
559 1027 704 1062 Hanno
719 1039 739 1062 e
752 1026 975 1062 clarissimis
992 1025 1214 1062 Poenorum
1228 1026 1401 1063 traditur

226 1086 519 1136 damnatusque
559 1087 627 1123 illo
667 1093 918 1137 argumento,
959 1090 1146 1136 quoniam
1186 1086 1281 1123 nihil
1322 1100 1399 1124 non

227 1161 483 1198 persuasurus
520 1151 575 1184 vir
607 1154 691 1184 tam
725 1148 885 1185 artificis
920 1151 1066 1198 ingenii
1101 1149 1324 1193 videbatur,
1359 1154 1399 1185 et

229 1209 330 1246 male
351 1209 455 1246 credi
478 1209 641 1246 libertas
663 1213 696 1246 ei
727 1212 787 1246 cui
819 1214 857 1247 in
877 1216 1036 1246 tantum
1066 1213 1249 1247 cessisset
1277 1213 1398 1247 etiam

226 1270 374 1308 feritas.

278 1331 377 1368 Sunt
401 1346 493 1369 vero
516 1338 557 1369 et
578 1332 769 1369 fortuitae
786 1333 802 1355 3
823 1346 959 1370 eorum
983 1347 1140 1383 quoque
1162 1333 1400 1370 clementiae

228 1393 424 1442 exempla.
482 1393 645 1430 Mentor
700 1393 969 1444 Syracusanus
1024 1398 1064 1431 in
1119 1394 1231 1444 Syria
1285 1394 1399 1432 leone

227 1455 341 1491 obvio
375 1455 606 1504 suppliciter
643 1455 849 1492 volutante
888 1459 1083 1492 attonitus
1117 1469 1276 1505 pavore,
1309 1470 1398 1493 cum

228 1515 441 1565 refugienti
472 1516 647 1566 undique
677 1515 762 1553 fera
791 1523 1012 1566 opponeret
1041 1530 1127 1554 sese
1159 1523 1199 1554 et
1230 1520 1397 1567 vestigia

226 1577 421 1613 lamberet
445 1577 624 1613 adulanti
648 1577 798 1622 similis,
821 1578 1102 1615 animadvertit
1126 1581 1165 1614 in
1188 1578 1291 1628 pede
1316 1581 1397 1615 eius

226 1644 423 1674 tumorem
476 1638 715 1688 vulnusque3
781 1645 962 1676 extracto
1012 1639 1166 1676 surculo
1215 1639 1396 1676 liberavit

227 1702 424 1735 cruciatu:
476 1702 628 1749 pictura
665 1713 798 1736 casum
837 1700 938 1737 hunc
974 1706 1148 1737 testatur
1183 1700 1395 1751 Syracusis.

394 1795 406 1856 ἑ
428 1795 551 1868 2333}le
573 1843 726 1878 tempore
743 1841 911 1879 (tempore
928 1840 1038 1877 <eo>?
1059 1838 1234 1879 Mayhoff).

390 1881 401 1898 ³
426 1880 598 1920 Mayhoff:
624 1880 778 1911 fortuita.

404 1986 418 2000 ‘²
438 1982 510 2013 The
527 1982 639 2012 defeat
658 1982 692 2013 οἱ
709 1983 859 2023 Pompey
879 1983 923 2023 by
941 1982 1073 2019 Caesar,
1092 1984 1133 2013 48
1153 1992 1216 2015 B.o.

224 2048 268 2080 42
