1482 2312
169 735 227 765 177

169 1430 229 1461 178

447 141 612 180 PLINY
627 156 635 179 z
685 142 948 180 NATURAL
984 141 1218 179 HISTORY

249 244 417 295 ungulas
444 244 631 294 singulos,
655 257 757 294 quae
781 243 949 280 bisulcas
973 249 1015 280 et
1038 246 1216 294 geminos
1239 246 1420 293 pariunt3

250 328 416 364 quorum
455 316 494 349 in
532 313 677 363 digitos
715 313 862 363 pedum
902 313 1038 349 fissura
1075 312 1199 349 divisa
1237 318 1312 356 est,
1349 311 1420 349 et1

251 386 519 420 numerosiora
541 385 580 418 in
603 382 700 419 fetu.
756 382 826 419 sed
848 384 1049 432 superiora
1071 384 1203 418 omnia
1223 381 1421 432 perfectos

249 453 375 489 edunt
407 458 558 502 partus,
589 451 686 488 haec
717 451 935 495 inchoatos,
966 453 1005 487 in
1037 464 1115 501 quo
1145 456 1238 488 sunt
1274 463 1422 501 genere

252 521 429 564 leaenae,
447 533 584 564 ursae3
618 526 659 557 et
677 520 813 570 vulpes
832 520 999 557 informe
1018 522 1141 557 etiam
1158 523 1284 570 magis
1303 533 1422 570 quam

252 591 477 640 supradicta
514 593 632 640 parit,
668 603 880 639 rarumque
918 595 979 626 est
1016 589 1149 626 videre
1185 592 1420 640 parientem.

251 666 391 710 postea
434 659 645 696 lambendo
687 658 926 696 calefaciunt
969 658 1075 695 fetus
1118 661 1250 696 omnia
1292 671 1340 695 ea
1381 664 1423 695 et

253 729 436 780 figurant.
503 731 662 779 pariunt
717 728 929 778 plurimum
996 734 1222 778 quaternos.
1287 740 1423 765 caecos

251 804 387 835 autern
404 801 575 849 gignunt
591 811 723 842 canes,
740 798 835 848 lupi,
851 797 1086 848 pantherae,
1102 797 1229 835 thoes.

302 868 454 904 Canum
491 868 604 918 plura
638 881 798 918 genera.
857 867 1076 904 Laconicae
1112 873 1252 904 octavo
1287 880 1423 904 mense

251 944 465 987 utrumque
508 943 727 987 generant3
784 936 919 974 ferunt
957 939 1168 987 sexaginta
1204 937 1344 973 diebus
1382 942 1424 973 et

249 1007 461 1057 plurimum
515 1007 653 1043 tribus.
708 1012 867 1043 ceterae
919 1019 1037 1042 canes
1091 1012 1133 1043 et
1184 1011 1423 1043 semenstres

251 1079 400 1113 coitum
453 1078 672 1126 patiuntur.
728 1075 930 1126 inplentur
983 1089 1119 1112 omnes
1173 1089 1251 1112 uno
1303 1078 1422 1112 coitu.

253 1159 355 1196 quae
383 1151 477 1182 ante
505 1148 652 1182 iustum
681 1152 840 1195 tempus
867 1158 1085 1195 concepere
1112 1145 1261 1182 diutius
1287 1157 1424 1182 caecos

251 1214 403 1252 habent
436 1215 601 1259 catulos,
635 1220 677 1251 et
711 1228 846 1251 omnes
880 1214 1050 1251 totidem
1084 1214 1236 1251 diebus.
1292 1216 1425 1251 existi-

252 1290 412 1321 mantur
427 1287 466 1320 in
484 1287 595 1321 urina
613 1284 795 1321 attollere
812 1297 899 1320 crus
915 1283 999 1321 fere
1016 1290 1255 1320 semenstres
1269 1296 1278 1327 ;
1308 1283 1348 1320 id
1364 1289 1426 1321 est

251 1357 407 1405 signum
446 1357 707 1390 consummati
748 1356 887 1390 virium
925 1354 1086 1390 roboris.
1141 1353 1314 1390 feminae
1351 1352 1425 1390 hoc

253 1424 358 1461 idem
397 1424 585 1460 sidentes.
641 1429 777 1474 partus
810 1423 982 1460 duodeni
1016 1423 1158 1473 quibus
1191 1426 1423 1459 numerosis—

252 1496 353 1537 simi,
375 1499 509 1530 cetero
532 1495 655 1542 quini,
677 1495 774 1536 seni,
797 1492 1009 1542 aliquando
1031 1492 1188 1542 singuli,
1210 1492 1317 1542 quod
1338 1505 1423 1542 pro-

251 1563 446 1613 digiosum
489 1568 647 1612 putant,
689 1565 789 1599 sicut
831 1575 967 1599 omnes
1008 1575 1136 1599 mares
1178 1568 1247 1598 aut
1288 1575 1424 1598 omnes

251 1632 418 1669 feminas
450 1635 571 1682 gigni.
627 1635 773 1681 primos
806 1645 984 1681 quosque
1018 1645 1145 1668 mares
1179 1638 1352 1681 pariunt,
1384 1637 1422 1667 in

250 1704 392 1739 ceteris
428 1702 639 1738 alternant.
696 1704 884 1738 ineuntur
917 1714 940 1738 a
973 1707 1089 1751 partu
1124 1707 1239 1738 sexto
1272 1713 1420 1737 mense.

252 1778 414 1809 octonos
456 1771 675 1808 Laconicae
709 1773 880 1821 pariunt.
936 1773 1093 1821 propria
1125 1773 1162 1807 in
1196 1784 1243 1807 eo
1273 1783 1421 1820 genere

252 1842 426 1878 maribus
466 1841 607 1877 laboris
652 1840 865 1877 alacritas.2
926 1843 1060 1876 vivunt
1106 1839 1286 1876 Laconici
1332 1842 1421 1875 anni

251 1911 377 1954 denis,
394 1909 566 1947 feminae
591 1909 798 1953 duodenis,
814 1915 949 1946 cetera
973 1922 1122 1959 genera
1141 1922 1188 1946 xv
1212 1908 1423 1959 aliquando

407 2005 416 2022 ¹
442 2003 615 2044 Mayhoff:
640 2014 668 2034 e.
826 2004 838 2022 ²
862 2003 956 2034 edd.:
982 2003 1097 2034 labore
1114 2003 1283 2034 salacitas,

249 2078 320 2111 404
