<?xml version="1.0" encoding="UTF-8"?>
<!DOCTYPE html PUBLIC "-//W3C//DTD XHTML 1.0 Transitional//EN"
    "http://www.w3.org/TR/xhtml1/DTD/xhtml1-transitional.dtd">
<html xmlns="http://www.w3.org/1999/xhtml" xml:lang="en" lang="en">
 <head>
  <title>
</title>
<meta http-equiv="Content-Type" content="text/html;charset=utf-8" />
  <meta name='ocr-system' content='tesseract 3.04.00' />
  <meta name='ocr-capabilities' content='ocr_page ocr_carea ocr_par ocr_line ocrx_word'/>
</head>
<body>
  <div class='ocr_page' id='page_1' title='image "./naturalhistory03plinuoft/naturalhistory03plinuoft_0622.png"; bbox 0 0 1482 2312; ppageno 0'>
   <div class='ocr_carea' id='block_1_1' title="bbox 380 137 1155 175">
    <p class='ocr_par' dir='ltr' id='par_1_1' title="bbox 380 137 1155 175">
     <span class='ocr_line' id='line_1_1' title="bbox 380 137 1155 175; baseline 0 -1"><span class='ocrx_word' id='word_1_1' title='bbox 380 138 544 175; x_wconf 83' lang='lat' dir='ltr'>PLINY</span> <span class='ocrx_word' id='word_1_2' title='bbox 559 151 567 175; x_wconf 88' lang='lat'>:</span> <span class='ocrx_word' id='word_1_3' title='bbox 620 138 882 175; x_wconf 86' lang='lat' dir='ltr'>NATURAL</span> <span class='ocrx_word' id='word_1_4' title='bbox 920 137 1155 175; x_wconf 90' lang='lat' dir='ltr'>HISTORY</span> 
     </span>
    </p>
   </div>
   <div class='ocr_carea' id='block_1_2' title="bbox 99 238 1356 1568">
    <p class='ocr_par' dir='ltr' id='par_1_2' title="bbox 181 238 1355 503">
     <span class='ocr_line' id='line_1_2' title="bbox 182 238 1353 291; baseline -0.001 -14"><span class='ocrx_word' id='word_1_5' title='bbox 182 241 324 291; x_wconf 89' lang='lat' dir='ltr'>quibus</span> <span class='ocrx_word' id='word_1_6' title='bbox 371 240 541 277; x_wconf 84' lang='lat' dir='ltr'>rotunda</span> <span class='ocrx_word' id='word_1_7' title='bbox 596 240 829 277; x_wconf 87' lang='lat' dir='ltr'>iracundum</span> <span class='ocrx_word' id='word_1_8' title='bbox 850 239 1022 276; x_wconf 84' lang='lat' dir='ltr'>’—-velut</span> <span class='ocrx_word' id='word_1_9' title='bbox 1068 238 1140 276; x_wconf 88' lang='lat' dir='ltr'>hoc</span> <span class='ocrx_word' id='word_1_10' title='bbox 1187 242 1353 290; x_wconf 85' lang='lat' dir='ltr'>vestigio</span> 
     </span>
     <span class='ocr_line' id='line_1_3' title="bbox 181 292 1355 343; baseline -0.001 -13"><span class='ocrx_word' id='word_1_11' title='bbox 181 296 347 330; x_wconf 88' lang='lat' dir='ltr'>tumoris</span> <span class='ocrx_word' id='word_1_12' title='bbox 376 299 609 343; x_wconf 81' lang='lat' dir='ltr'>apparente.</span> <span class='ocrx_word' id='word_1_13' title='bbox 672 292 680 305; x_wconf 92' lang='lat'>‘</span> <span class='ocrx_word' id='word_1_14' title='bbox 700 292 909 342; x_wconf 86' lang='lat' dir='ltr'>supercilia</span> <span class='ocrx_word' id='word_1_15' title='bbox 934 293 1075 342; x_wconf 89' lang='lat' dir='ltr'>quibus</span> <span class='ocrx_word' id='word_1_16' title='bbox 1100 296 1355 343; x_wconf 84' lang='lat' dir='ltr'>porriguntur</span> 
     </span>
     <span class='ocr_line' id='line_1_4' title="bbox 182 346 1352 396; baseline -0.001 -13"><span class='ocrx_word' id='word_1_17' title='bbox 182 349 221 382; x_wconf 90' lang='lat' dir='ltr'>in</span> <span class='ocrx_word' id='word_1_18' title='bbox 257 352 410 383; x_wconf 87' lang='lat' dir='ltr'>rectum</span> <span class='ocrx_word' id='word_1_19' title='bbox 445 346 584 383; x_wconf 88' lang='lat' dir='ltr'>molles</span> <span class='ocrx_word' id='word_1_20' title='bbox 618 346 857 396; x_wconf 81' lang='lat' dir='ltr'>significant,</span> <span class='ocrx_word' id='word_1_21' title='bbox 892 346 1034 396; x_wconf 89' lang='lat' dir='ltr'>quibus</span> <span class='ocrx_word' id='word_1_22' title='bbox 1068 348 1181 382; x_wconf 84' lang='lat' dir='ltr'>iuxta</span> <span class='ocrx_word' id='word_1_23' title='bbox 1215 359 1352 383; x_wconf 84' lang='lat' dir='ltr'>nasum</span> 
     </span>
     <span class='ocr_line' id='line_1_5' title="bbox 183 399 1353 449; baseline 0 -13"><span class='ocrx_word' id='word_1_24' title='bbox 183 400 287 436; x_wconf 80' lang='lat' dir='ltr'>flexa</span> <span class='ocrx_word' id='word_1_25' title='bbox 319 406 412 437; x_wconf 87' lang='lat' dir='ltr'>sunt</span> <span class='ocrx_word' id='word_1_26' title='bbox 446 405 639 443; x_wconf 86' lang='lat' dir='ltr'>austeros,</span> <span class='ocrx_word' id='word_1_27' title='bbox 673 400 815 449; x_wconf 87' lang='lat' dir='ltr'>quibus</span> <span class='ocrx_word' id='word_1_28' title='bbox 848 401 962 436; x_wconf 85' lang='lat' dir='ltr'>iuxta</span> <span class='ocrx_word' id='word_1_29' title='bbox 993 405 1176 448; x_wconf 87' lang='lat' dir='ltr'>tempora</span> <span class='ocrx_word' id='word_1_30' title='bbox 1208 399 1353 436; x_wconf 80' lang='lat' dir='ltr'>inflexa</span> 
     </span>
     <span class='ocr_line' id='line_1_6' title="bbox 182 452 1354 503; baseline -0.002 -13"><span class='ocrx_word' id='word_1_31' title='bbox 182 453 389 495; x_wconf 81' lang='lat' dir='ltr'>derisores,</span> <span class='ocrx_word' id='word_1_32' title='bbox 429 453 571 503; x_wconf 91' lang='lat' dir='ltr'>quibus</span> <span class='ocrx_word' id='word_1_33' title='bbox 610 455 650 489; x_wconf 93' lang='lat' dir='ltr'>in</span> <span class='ocrx_word' id='word_1_34' title='bbox 688 459 820 489; x_wconf 89' lang='lat' dir='ltr'>totum</span> <span class='ocrx_word' id='word_1_35' title='bbox 859 452 1031 489; x_wconf 89' lang='lat' dir='ltr'>demissa</span> <span class='ocrx_word' id='word_1_36' title='bbox 1069 452 1273 489; x_wconf 91' lang='lat' dir='ltr'>malivolos</span> <span class='ocrx_word' id='word_1_37' title='bbox 1313 459 1354 489; x_wconf 82' lang='lat' dir='ltr'>et</span> 
     </span>
    </p>

    <p class='ocr_par' dir='ltr' id='par_1_3' title="bbox 100 505 1354 876">
     <span class='ocr_line' id='line_1_7' title="bbox 100 505 1354 556; baseline 0.001 -14"><span class='ocrx_word' id='word_1_38' title='bbox 100 511 161 543; x_wconf 73' lang='lat'>276</span> <span class='ocrx_word' id='word_1_39' title='bbox 180 506 343 543; x_wconf 82' lang='lat' dir='ltr'>invidos.</span> <span class='ocrx_word' id='word_1_40' title='bbox 392 505 493 543; x_wconf 89' lang='lat' dir='ltr'>oculi</span> <span class='ocrx_word' id='word_1_41' title='bbox 514 506 656 556; x_wconf 89' lang='lat' dir='ltr'>quibus</span> <span class='ocrx_word' id='word_1_42' title='bbox 678 508 878 555; x_wconf 81' lang='lat' dir='ltr'>utrimque</span> <span class='ocrx_word' id='word_1_43' title='bbox 892 506 905 528; x_wconf 82' lang='lat'>¹</span> <span class='ocrx_word' id='word_1_44' title='bbox 927 511 1019 542; x_wconf 83' lang='lat' dir='ltr'>sunt</span> <span class='ocrx_word' id='word_1_45' title='bbox 1040 505 1147 555; x_wconf 83' lang='lat' dir='ltr'>longi</span> <span class='ocrx_word' id='word_1_46' title='bbox 1167 505 1354 543; x_wconf 85' lang='lat' dir='ltr'>malificos</span> 
     </span>
     <span class='ocr_line' id='line_1_8' title="bbox 183 559 1354 609; baseline 0 -13"><span class='ocrx_word' id='word_1_47' title='bbox 183 560 355 596; x_wconf 85' lang='lat' dir='ltr'>moribus</span> <span class='ocrx_word' id='word_1_48' title='bbox 400 572 486 596; x_wconf 86' lang='lat' dir='ltr'>esse</span> <span class='ocrx_word' id='word_1_49' title='bbox 529 559 728 602; x_wconf 83' lang='lat' dir='ltr'>indicant3</span> <span class='ocrx_word' id='word_1_50' title='bbox 787 561 852 609; x_wconf 89' lang='lat' dir='ltr'>qui</span> <span class='ocrx_word' id='word_1_51' title='bbox 895 572 1078 595; x_wconf 85' lang='lat' dir='ltr'>carnosos</span> <span class='ocrx_word' id='word_1_52' title='bbox 1121 572 1144 595; x_wconf 88' lang='lat' dir='ltr'>a</span> <span class='ocrx_word' id='word_1_53' title='bbox 1196 559 1354 596; x_wconf 86' lang='lat' dir='ltr'>naribus</span> 
     </span>
     <span class='ocr_line' id='line_1_9' title="bbox 183 612 1353 662; baseline -0.001 -13"><span class='ocrx_word' id='word_1_54' title='bbox 183 612 348 662; x_wconf 82' lang='lat' dir='ltr'>angulos</span> <span class='ocrx_word' id='word_1_55' title='bbox 376 612 528 649; x_wconf 88' lang='lat' dir='ltr'>habent</span> <span class='ocrx_word' id='word_1_56' title='bbox 556 612 734 649; x_wconf 80' lang='lat' dir='ltr'>malitiae</span> <span class='ocrx_word' id='word_1_57' title='bbox 762 618 898 649; x_wconf 80' lang='lat' dir='ltr'>notam</span> <span class='ocrx_word' id='word_1_58' title='bbox 928 612 1145 661; x_wconf 81' lang='lat' dir='ltr'>praebent3</span> <span class='ocrx_word' id='word_1_59' title='bbox 1186 612 1353 649; x_wconf 85' lang='lat' dir='ltr'>candida</span> 
     </span>
     <span class='ocr_line' id='line_1_10' title="bbox 184 665 1354 715; baseline 0 -13"><span class='ocrx_word' id='word_1_60' title='bbox 184 679 273 715; x_wconf 90' lang='lat' dir='ltr'>pars</span> <span class='ocrx_word' id='word_1_61' title='bbox 301 672 468 702; x_wconf 83' lang='lat' dir='ltr'>extenta</span> <span class='ocrx_word' id='word_1_62' title='bbox 491 671 628 702; x_wconf 89' lang='lat' dir='ltr'>notam</span> <span class='ocrx_word' id='word_1_63' title='bbox 655 665 915 715; x_wconf 86' lang='lat' dir='ltr'>inpudentiae</span> <span class='ocrx_word' id='word_1_64' title='bbox 939 665 1086 702; x_wconf 80' lang='lat' dir='ltr'>habet:</span> <span class='ocrx_word' id='word_1_65' title='bbox 1121 667 1187 715; x_wconf 93' lang='lat' dir='ltr'>qui</span> <span class='ocrx_word' id='word_1_66' title='bbox 1213 665 1354 702; x_wconf 83' lang='lat' dir='ltr'>identi-</span> 
     </span>
     <span class='ocr_line' id='line_1_11' title="bbox 183 718 1351 769; baseline -0.001 -14"><span class='ocrx_word' id='word_1_67' title='bbox 183 719 274 756; x_wconf 88' lang='lat' dir='ltr'>dem</span> <span class='ocrx_word' id='word_1_68' title='bbox 291 722 433 768; x_wconf 91' lang='lat' dir='ltr'>operiri</span> <span class='ocrx_word' id='word_1_69' title='bbox 449 718 579 756; x_wconf 82' lang='lat' dir='ltr'>solent</span> <span class='ocrx_word' id='word_1_70' title='bbox 595 721 899 756; x_wconf 81' lang='lat' dir='ltr'>inconstantiae.</span> <span class='ocrx_word' id='word_1_71' title='bbox 953 718 1188 755; x_wconf 88' lang='lat' dir='ltr'>oricularum</span> <span class='ocrx_word' id='word_1_72' title='bbox 1204 721 1351 769; x_wconf 85' lang='lat' dir='ltr'>magni-</span> 
     </span>
     <span class='ocr_line' id='line_1_12' title="bbox 183 771 1354 822; baseline -0.001 -13"><span class='ocrx_word' id='word_1_73' title='bbox 183 773 282 809; x_wconf 88' lang='lat' dir='ltr'>tudo</span> <span class='ocrx_word' id='word_1_74' title='bbox 315 772 569 822; x_wconf 83' lang='lat' dir='ltr'>loquacitatis</span> <span class='ocrx_word' id='word_1_75' title='bbox 603 778 644 809; x_wconf 88' lang='lat' dir='ltr'>et</span> <span class='ocrx_word' id='word_1_76' title='bbox 672 771 870 809; x_wconf 83' lang='lat' dir='ltr'>stultitiae</span> <span class='ocrx_word' id='word_1_77' title='bbox 904 778 999 809; x_wconf 89' lang='lat' dir='ltr'>nota</span> <span class='ocrx_word' id='word_1_78' title='bbox 1029 771 1117 815; x_wconf 85' lang='lat' dir='ltr'>est‚’</span> <span class='ocrx_word' id='word_1_79' title='bbox 1161 771 1354 808; x_wconf 75' lang='lat' dir='ltr'>hactenus</span> 
     </span>
     <span class='ocr_line' id='line_1_13' title="bbox 180 826 343 876; baseline 0 -14"><span class='ocrx_word' id='word_1_80' title='bbox 180 826 343 876; x_wconf 78' lang='lat' dir='ltr'>Trogus.</span> 
     </span>
    </p>

    <p class='ocr_par' dir='ltr' id='par_1_4' title="bbox 99 878 1355 1242">
     <span class='ocr_line' id='line_1_14' title="bbox 99 878 1355 928; baseline 0.001 -14"><span class='ocrx_word' id='word_1_81' title='bbox 99 884 160 916; x_wconf 85' lang='lat'>277</span> <span class='ocrx_word' id='word_1_82' title='bbox 232 879 350 915; x_wconf 87' lang='lat' dir='ltr'><strong>CXV.</strong></span> <span class='ocrx_word' id='word_1_83' title='bbox 382 879 551 915; x_wconf 89' lang='lat' dir='ltr'>Animae</span> <span class='ocrx_word' id='word_1_84' title='bbox 580 879 702 916; x_wconf 90' lang='lat' dir='ltr'>leonis</span> <span class='ocrx_word' id='word_1_85' title='bbox 730 881 832 915; x_wconf 88' lang='lat' dir='ltr'>virus</span> <span class='ocrx_word' id='word_1_86' title='bbox 859 892 995 928; x_wconf 80' lang='lat' dir='ltr'>grave,</span> <span class='ocrx_word' id='word_1_87' title='bbox 1022 881 1099 915; x_wconf 87' lang='lat' dir='ltr'>ursi</span> <span class='ocrx_word' id='word_1_88' title='bbox 1128 878 1319 928; x_wconf 87' lang='lat' dir='ltr'>pestilens</span> <span class='ocrx_word' id='word_1_89' title='bbox 1347 892 1355 915; x_wconf 86' lang='lat'>:</span> 
     </span>
     <span class='ocr_line' id='line_1_15' title="bbox 183 931 1355 982; baseline 0.001 -14"><span class='ocrx_word' id='word_1_90' title='bbox 183 938 370 969; x_wconf 86' lang='lat' dir='ltr'>contacta</span> <span class='ocrx_word' id='word_1_91' title='bbox 407 932 534 969; x_wconf 85' lang='lat' dir='ltr'>halitu</span> <span class='ocrx_word' id='word_1_92' title='bbox 572 934 655 969; x_wconf 88' lang='lat' dir='ltr'>eius</span> <span class='ocrx_word' id='word_1_93' title='bbox 684 931 793 968; x_wconf 92' lang='lat' dir='ltr'>nulla</span> <span class='ocrx_word' id='word_1_94' title='bbox 829 931 914 968; x_wconf 87' lang='lat' dir='ltr'>fera</span> <span class='ocrx_word' id='word_1_95' title='bbox 952 934 1131 982; x_wconf 83' lang='lat' dir='ltr'>attingit,</span> <span class='ocrx_word' id='word_1_96' title='bbox 1169 934 1355 982; x_wconf 90' lang='lat' dir='ltr'>ociusque</span> 
     </span>
     <span class='ocr_line' id='line_1_16' title="bbox 184 984 1355 1035; baseline -0.001 -13"><span class='ocrx_word' id='word_1_97' title='bbox 184 991 418 1035; x_wconf 88' lang='lat' dir='ltr'>putrescunt</span> <span class='ocrx_word' id='word_1_98' title='bbox 451 985 613 1022; x_wconf 87' lang='lat' dir='ltr'>adflata.</span> <span class='ocrx_word' id='word_1_99' title='bbox 668 998 689 1022; x_wconf 89' lang='lat' dir='ltr'>e</span> <span class='ocrx_word' id='word_1_100' title='bbox 728 985 920 1035; x_wconf 86' lang='lat' dir='ltr'>reliquis2</span> <span class='ocrx_word' id='word_1_101' title='bbox 958 984 1157 1022; x_wconf 84' lang='lat' dir='ltr'>hominis³</span> <span class='ocrx_word' id='word_1_102' title='bbox 1195 991 1355 1022; x_wconf 88' lang='lat' dir='ltr'>tantum</span> 
     </span>
     <span class='ocr_line' id='line_1_17' title="bbox 184 1038 1355 1088; baseline 0 -13"><span class='ocrx_word' id='word_1_103' title='bbox 184 1039 285 1075; x_wconf 75' lang='lat' dir='ltr'>infici</span> <span class='ocrx_word' id='word_1_104' title='bbox 315 1045 459 1075; x_wconf 82' lang='lat' dir='ltr'>natura</span> <span class='ocrx_word' id='word_1_105' title='bbox 492 1038 616 1076; x_wconf 91' lang='lat' dir='ltr'>voluit</span> <span class='ocrx_word' id='word_1_106' title='bbox 649 1038 826 1088; x_wconf 84' lang='lat' dir='ltr'>plurimis</span> <span class='ocrx_word' id='word_1_107' title='bbox 858 1038 997 1082; x_wconf 89' lang='lat' dir='ltr'>modis,</span> <span class='ocrx_word' id='word_1_108' title='bbox 1027 1044 1068 1075; x_wconf 85' lang='lat' dir='ltr'>et</span> <span class='ocrx_word' id='word_1_109' title='bbox 1100 1039 1277 1075; x_wconf 86' lang='lat' dir='ltr'>ciborum</span> <span class='ocrx_word' id='word_1_110' title='bbox 1311 1052 1355 1075; x_wconf 87' lang='lat' dir='ltr'>ac</span> 
     </span>
     <span class='ocr_line' id='line_1_18' title="bbox 183 1091 1355 1129; baseline 0.001 -1"><span class='ocrx_word' id='word_1_111' title='bbox 183 1092 364 1129; x_wconf 87' lang='lat' dir='ltr'>dentium</span> <span class='ocrx_word' id='word_1_112' title='bbox 396 1094 498 1129; x_wconf 85' lang='lat' dir='ltr'>vitiis</span> <span class='ocrx_word' id='word_1_113' title='bbox 526 1092 596 1129; x_wconf 90' lang='lat' dir='ltr'>sed</span> <span class='ocrx_word' id='word_1_114' title='bbox 626 1094 799 1128; x_wconf 85' lang='lat' dir='ltr'>maxime</span> <span class='ocrx_word' id='word_1_115' title='bbox 828 1094 949 1128; x_wconf 85' lang='lat' dir='ltr'>senio.</span> <span class='ocrx_word' id='word_1_116' title='bbox 1003 1091 1179 1128; x_wconf 88' lang='lat' dir='ltr'>dolorem</span> <span class='ocrx_word' id='word_1_117' title='bbox 1208 1094 1355 1129; x_wconf 90' lang='lat' dir='ltr'>sentire</span> 
     </span>
     <span class='ocr_line' id='line_1_19' title="bbox 184 1144 1355 1195; baseline 0.001 -14"><span class='ocrx_word' id='word_1_118' title='bbox 184 1158 261 1182; x_wconf 88' lang='lat' dir='ltr'>non</span> <span class='ocrx_word' id='word_1_119' title='bbox 283 1145 449 1195; x_wconf 80' lang='lat' dir='ltr'>potest,4</span> <span class='ocrx_word' id='word_1_120' title='bbox 466 1151 580 1182; x_wconf 85' lang='lat' dir='ltr'>tactu</span> <span class='ocrx_word' id='word_1_121' title='bbox 594 1158 743 1195; x_wconf 88' lang='lat' dir='ltr'>esuque</span> <span class='ocrx_word' id='word_1_122' title='bbox 758 1145 773 1167; x_wconf 84' lang='lat'>⁵</span> <span class='ocrx_word' id='word_1_123' title='bbox 801 1147 906 1181; x_wconf 90' lang='lat' dir='ltr'>omni</span> <span class='ocrx_word' id='word_1_124' title='bbox 922 1151 1033 1182; x_wconf 87' lang='lat' dir='ltr'>caret</span> <span class='ocrx_word' id='word_1_125' title='bbox 1046 1144 1062 1168; x_wconf 77' lang='lat'><strong>⁶</strong></span> <span class='ocrx_word' id='word_1_126' title='bbox 1081 1147 1165 1182; x_wconf 89' lang='lat' dir='ltr'>sine</span> <span class='ocrx_word' id='word_1_127' title='bbox 1186 1146 1328 1195; x_wconf 88' lang='lat' dir='ltr'>quibus</span> <span class='ocrx_word' id='word_1_128' title='bbox 1341 1146 1355 1170; x_wconf 83' lang='lat'>⁷</span> 
     </span>
     <span class='ocr_line' id='line_1_20' title="bbox 185 1198 1355 1242; baseline 0.001 -8"><span class='ocrx_word' id='word_1_129' title='bbox 185 1199 279 1235; x_wconf 89' lang='lat' dir='ltr'>nihil</span> <span class='ocrx_word' id='word_1_130' title='bbox 311 1202 505 1242; x_wconf 80' lang='lat' dir='ltr'>sentitur3</span> <span class='ocrx_word' id='word_1_131' title='bbox 545 1199 686 1236; x_wconf 88' lang='lat' dir='ltr'>eadem</span> <span class='ocrx_word' id='word_1_132' title='bbox 717 1205 917 1235; x_wconf 87' lang='lat' dir='ltr'>commeat</span> <span class='ocrx_word' id='word_1_133' title='bbox 948 1199 998 1235; x_wconf 91' lang='lat' dir='ltr'>ab</span> <span class='ocrx_word' id='word_1_134' title='bbox 1028 1198 1106 1235; x_wconf 78' lang='lat' dir='ltr'>eo⁸</span> <span class='ocrx_word' id='word_1_135' title='bbox 1138 1199 1355 1235; x_wconf 60' lang='lat' dir='ltr'>recedens‘³</span> 
     </span>
    </p>

    <p class='ocr_par' dir='ltr' id='par_1_5' title="bbox 101 1251 1356 1568">
     <span class='ocr_line' id='line_1_21' title="bbox 101 1251 1356 1302; baseline 0 -14"><span class='ocrx_word' id='word_1_136' title='bbox 101 1257 165 1289; x_wconf 78' lang='lat'>278</span> <span class='ocrx_word' id='word_1_137' title='bbox 185 1252 356 1295; x_wconf 81' lang='lat' dir='ltr'>assidue,</span> <span class='ocrx_word' id='word_1_138' title='bbox 377 1255 534 1289; x_wconf 84' lang='lat' dir='ltr'>exitura</span> <span class='ocrx_word' id='word_1_139' title='bbox 553 1265 738 1302; x_wconf 88' lang='lat' dir='ltr'>supremo</span> <span class='ocrx_word' id='word_1_140' title='bbox 758 1258 799 1289; x_wconf 90' lang='lat' dir='ltr'>et</span> <span class='ocrx_word' id='word_1_141' title='bbox 819 1252 901 1288; x_wconf 91' lang='lat' dir='ltr'>sola</span> <span class='ocrx_word' id='word_1_142' title='bbox 923 1265 972 1288; x_wconf 88' lang='lat' dir='ltr'>ex</span> <span class='ocrx_word' id='word_1_143' title='bbox 998 1251 1157 1288; x_wconf 85' lang='lat' dir='ltr'>homine</span> <span class='ocrx_word' id='word_1_144' title='bbox 1177 1251 1356 1301; x_wconf 86' lang='lat' dir='ltr'>superfu-</span> 
     </span>
     <span class='ocr_line' id='line_1_22' title="bbox 183 1304 1355 1355; baseline 0 -13"><span class='ocrx_word' id='word_1_145' title='bbox 183 1311 274 1342; x_wconf 85' lang='lat' dir='ltr'>tura</span> <span class='ocrx_word' id='word_1_146' title='bbox 303 1305 489 1355; x_wconf 86' lang='lat' dir='ltr'>denique.</span> <span class='ocrx_word' id='word_1_147' title='bbox 544 1305 642 1342; x_wconf 81' lang='lat' dir='ltr'>haec</span> <span class='ocrx_word' id='word_1_148' title='bbox 666 1304 904 1342; x_wconf 80' lang='lat' dir='ltr'>trahebatur</span> <span class='ocrx_word' id='word_1_149' title='bbox 924 1318 945 1342; x_wconf 92' lang='lat' dir='ltr'>e</span> <span class='ocrx_word' id='word_1_150' title='bbox 964 1305 1098 1342; x_wconf 89' lang='lat' dir='ltr'>caelo:</span> <span class='ocrx_word' id='word_1_151' title='bbox 1126 1304 1241 1342; x_wconf 90' lang='lat' dir='ltr'>huius</span> <span class='ocrx_word' id='word_1_152' title='bbox 1261 1318 1355 1355; x_wconf 84' lang='lat' dir='ltr'>quo—</span> 
     </span>
     <span class='ocr_line' id='line_1_23' title="bbox 184 1358 1354 1409; baseline 0 -14"><span class='ocrx_word' id='word_1_153' title='bbox 184 1372 262 1409; x_wconf 91' lang='lat' dir='ltr'>que</span> <span class='ocrx_word' id='word_1_154' title='bbox 295 1365 432 1395; x_wconf 84' lang='lat' dir='ltr'>tamen</span> <span class='ocrx_word' id='word_1_155' title='bbox 465 1365 626 1408; x_wconf 84' lang='lat' dir='ltr'>reperta</span> <span class='ocrx_word' id='word_1_156' title='bbox 657 1372 786 1408; x_wconf 88' lang='lat' dir='ltr'>poena</span> <span class='ocrx_word' id='word_1_157' title='bbox 820 1365 895 1402; x_wconf 83' lang='lat' dir='ltr'>est,</span> <span class='ocrx_word' id='word_1_158' title='bbox 923 1364 968 1395; x_wconf 89' lang='lat' dir='ltr'>ut</span> <span class='ocrx_word' id='word_1_159' title='bbox 1001 1371 1132 1408; x_wconf 89' lang='lat' dir='ltr'>neque</span> <span class='ocrx_word' id='word_1_160' title='bbox 1160 1358 1200 1395; x_wconf 85' lang='lat' dir='ltr'>id</span> <span class='ocrx_word' id='word_1_161' title='bbox 1228 1361 1354 1408; x_wconf 88' lang='lat' dir='ltr'>ipsum</span> 
     </span>
     <span class='ocr_line' id='line_1_24' title="bbox 184 1411 1356 1462; baseline 0 -14"><span class='ocrx_word' id='word_1_162' title='bbox 184 1425 262 1462; x_wconf 90' lang='lat' dir='ltr'>quo</span> <span class='ocrx_word' id='word_1_163' title='bbox 283 1415 426 1449; x_wconf 84' lang='lat' dir='ltr'>vivitur</span> <span class='ocrx_word' id='word_1_164' title='bbox 444 1415 484 1448; x_wconf 91' lang='lat' dir='ltr'>in</span> <span class='ocrx_word' id='word_1_165' title='bbox 505 1414 586 1449; x_wconf 81' lang='lat' dir='ltr'>vita</span> <span class='ocrx_word' id='word_1_166' title='bbox 605 1414 771 1449; x_wconf 88' lang='lat' dir='ltr'>iuvaret.</span> <span class='ocrx_word' id='word_1_167' title='bbox 830 1411 1065 1449; x_wconf 84' lang='lat' dir='ltr'>Parthorum</span> <span class='ocrx_word' id='word_1_168' title='bbox 1085 1411 1239 1461; x_wconf 89' lang='lat' dir='ltr'>populis</span> <span class='ocrx_word' id='word_1_169' title='bbox 1258 1412 1356 1448; x_wconf 84' lang='lat' dir='ltr'>haec</span> 
     </span>
     <span class='ocr_line' id='line_1_25' title="bbox 185 1465 1355 1515; baseline 0.001 -14"><span class='ocrx_word' id='word_1_170' title='bbox 185 1468 397 1515; x_wconf 85' lang='lat' dir='ltr'>praecipue</span> <span class='ocrx_word' id='word_1_171' title='bbox 436 1471 477 1503; x_wconf 85' lang='lat' dir='ltr'>et</span> <span class='ocrx_word' id='word_1_172' title='bbox 515 1479 538 1502; x_wconf 89' lang='lat' dir='ltr'>a</span> <span class='ocrx_word' id='word_1_173' title='bbox 576 1468 739 1502; x_wconf 88' lang='lat' dir='ltr'>iuventa</span> <span class='ocrx_word' id='word_1_174' title='bbox 771 1471 935 1515; x_wconf 87' lang='lat' dir='ltr'>propter</span> <span class='ocrx_word' id='word_1_175' title='bbox 969 1465 1201 1502; x_wconf 88' lang='lat' dir='ltr'>indiscretos</span> <span class='ocrx_word' id='word_1_176' title='bbox 1235 1466 1355 1507; x_wconf 86' lang='lat' dir='ltr'>cibos,</span> 
     </span>
     <span class='ocr_line' id='line_1_26' title="bbox 184 1518 1355 1568; baseline -0.002 -13"><span class='ocrx_word' id='word_1_177' title='bbox 184 1531 357 1568; x_wconf 86' lang='lat' dir='ltr'>namque</span> <span class='ocrx_word' id='word_1_178' title='bbox 380 1525 422 1556; x_wconf 91' lang='lat' dir='ltr'>et</span> <span class='ocrx_word' id='word_1_179' title='bbox 444 1521 534 1555; x_wconf 91' lang='lat' dir='ltr'>vino</span> <span class='ocrx_word' id='word_1_180' title='bbox 555 1518 687 1556; x_wconf 84' lang='lat' dir='ltr'>fetent</span> <span class='ocrx_word' id='word_1_181' title='bbox 713 1532 781 1555; x_wconf 85' lang='lat' dir='ltr'>ora</span> <span class='ocrx_word' id='word_1_182' title='bbox 807 1521 937 1555; x_wconf 86' lang='lat' dir='ltr'>nimio.</span> <span class='ocrx_word' id='word_1_183' title='bbox 993 1518 1063 1555; x_wconf 87' lang='lat' dir='ltr'>sed</span> <span class='ocrx_word' id='word_1_184' title='bbox 1082 1519 1154 1555; x_wconf 88' lang='lat' dir='ltr'>sibi</span> <span class='ocrx_word' id='word_1_185' title='bbox 1175 1532 1355 1568; x_wconf 71' lang='lat' dir='ltr'>proceres</span> 
     </span>
    </p>
   </div>
   <div class='ocr_carea' id='block_1_3' title="bbox 292 1629 1254 1713">
    <p class='ocr_par' dir='ltr' id='par_1_6' title="bbox 292 1629 1254 1713">
     <span class='ocr_line' id='line_1_27' title="bbox 296 1629 1038 1670; baseline 0 -10"><span class='ocrx_word' id='word_1_186' title='bbox 296 1630 305 1648; x_wconf 83' lang='lat'>¹</span> <span class='ocrx_word' id='word_1_187' title='bbox 330 1629 486 1670; x_wconf 75' lang='lat' dir='ltr'>Mayhoff</span> <span class='ocrx_word' id='word_1_188' title='bbox 497 1640 534 1661; x_wconf 76' lang='lat' dir='ltr'>ex</span> <span class='ocrx_word' id='word_1_189' title='bbox 550 1630 741 1661; x_wconf 79' lang='lat' dir='ltr'>Aristotele:</span> <span class='ocrx_word' id='word_1_190' title='bbox 767 1630 1038 1669; x_wconf 88' lang='lat' dir='ltr'>quibuscunque.</span> 
     </span>
     <span class='ocr_line' id='line_1_28' title="bbox 292 1672 1254 1713; baseline -0.002 -9"><span class='ocrx_word' id='word_1_191' title='bbox 292 1672 304 1690; x_wconf 77' lang='lat'><strong>²</strong></span> <span class='ocrx_word' id='word_1_192' title='bbox 326 1673 373 1704; x_wconf 78' lang='lat' dir='ltr'>sic</span> <span class='ocrx_word' id='word_1_193' title='bbox 391 1672 552 1704; x_wconf 78' lang='lat' dir='ltr'>Mueller:</span> <span class='ocrx_word' id='word_1_194' title='bbox 578 1672 726 1704; x_wconf 74' lang='lat' dir='ltr'>adflatae</span> <span class='ocrx_word' id='word_1_195' title='bbox 743 1672 885 1711; x_wconf 77' lang='lat' dir='ltr'>(adflatu</span> <span class='ocrx_word' id='word_1_196' title='bbox 904 1672 1091 1711; x_wconf 73' lang='lat' dir='ltr'>Caesarius)</span> <span class='ocrx_word' id='word_1_197' title='bbox 1109 1672 1254 1713; x_wconf 79' lang='lat' dir='ltr'>reliquis.</span> 
     </span>
    </p>
   </div>
   <div class='ocr_carea' id='block_1_4' title="bbox 292 1715 1071 1841">
    <p class='ocr_par' dir='ltr' id='par_1_7' title="bbox 292 1715 1071 1841">
     <span class='ocr_line' id='line_1_29' title="bbox 292 1715 1069 1756; baseline 0 -10"><span class='ocrx_word' id='word_1_198' title='bbox 292 1716 304 1733; x_wconf 83' lang='lat'>³</span> <span class='ocrx_word' id='word_1_199' title='bbox 326 1716 379 1746; x_wconf 87' lang='lat' dir='ltr'>v.l.</span> <span class='ocrx_word' id='word_1_200' title='bbox 397 1715 537 1746; x_wconf 90' lang='lat' dir='ltr'>homini.</span> <span class='ocrx_word' id='word_1_201' title='bbox 729 1715 740 1733; x_wconf 70' lang='lat'><strong>⁴</strong></span> <span class='ocrx_word' id='word_1_202' title='bbox 764 1715 874 1746; x_wconf 86' lang='lat' dir='ltr'>Dalec.</span> <span class='ocrx_word' id='word_1_203' title='bbox 892 1727 898 1746; x_wconf 75' lang='grc' dir='ltr'><strong><em>ι</em></strong></span> <span class='ocrx_word' id='word_1_204' title='bbox 925 1719 1069 1756; x_wconf 67' lang='lat' dir='ltr'>poterat.</span> 
     </span>
     <span class='ocr_line' id='line_1_30' title="bbox 293 1758 1071 1798; baseline -0.001 -9"><span class='ocrx_word' id='word_1_205' title='bbox 293 1758 305 1777; x_wconf 80' lang='lat'>⁵</span> <span class='ocrx_word' id='word_1_206' title='bbox 327 1759 379 1789; x_wconf 77' lang='lat' dir='ltr'>v.l,</span> <span class='ocrx_word' id='word_1_207' title='bbox 397 1768 574 1798; x_wconf 85' lang='lat' dir='ltr'>sensuque.</span> <span class='ocrx_word' id='word_1_208' title='bbox 730 1758 742 1776; x_wconf 76' lang='lat'>⁶</span> <span class='ocrx_word' id='word_1_209' title='bbox 766 1758 899 1789; x_wconf 55' lang='lat' dir='ltr'>Dahae:</span> <span class='ocrx_word' id='word_1_210' title='bbox 925 1758 1071 1789; x_wconf 69' lang='lat' dir='ltr'>carebat.</span> 
     </span>
     <span class='ocr_line' id='line_1_31' title="bbox 293 1800 1058 1841; baseline 0 -10"><span class='ocrx_word' id='word_1_211' title='bbox 293 1800 305 1819; x_wconf 86' lang='lat'>⁷</span> <span class='ocrx_word' id='word_1_212' title='bbox 328 1801 381 1832; x_wconf 86' lang='lat' dir='ltr'>v.l.</span> <span class='ocrx_word' id='word_1_213' title='bbox 398 1802 469 1831; x_wconf 87' lang='lat' dir='ltr'>sine</span> <span class='ocrx_word' id='word_1_214' title='bbox 485 1811 563 1841; x_wconf 80' lang='lat' dir='ltr'>qua..</span> <span class='ocrx_word' id='word_1_215' title='bbox 729 1800 742 1819; x_wconf 83' lang='lat'>⁸</span> <span class='ocrx_word' id='word_1_216' title='bbox 764 1801 817 1832; x_wconf 85' lang='lat' dir='ltr'>v.l.</span> <span class='ocrx_word' id='word_1_217' title='bbox 834 1801 1058 1832; x_wconf 71' lang='lat' dir='ltr'>commeabat.</span> 
     </span>
    </p>
   </div>
   <div class='ocr_carea' id='block_1_5' title="bbox 294 1844 521 1875">
    <p class='ocr_par' dir='ltr' id='par_1_8' title="bbox 294 1844 521 1875">
     <span class='ocr_line' id='line_1_32' title="bbox 294 1844 521 1875; baseline -0.004 0"><span class='ocrx_word' id='word_1_218' title='bbox 294 1844 306 1861; x_wconf 71' lang='lat'>⁹</span> <span class='ocrx_word' id='word_1_219' title='bbox 328 1844 381 1875; x_wconf 59' lang='lat' dir='ltr'>vul.</span> <span class='ocrx_word' id='word_1_220' title='bbox 397 1855 521 1875; x_wconf 84' lang='lat' dir='ltr'>recens.</span> 
     </span>
    </p>
   </div>
   <div class='ocr_carea' id='block_1_6' title="bbox 297 1995 1231 2036">
    <p class='ocr_par' dir='ltr' id='par_1_9' title="bbox 297 1995 1231 2036">
     <span class='ocr_line' id='line_1_33' title="bbox 297 1995 1231 2036; baseline 0 -10"><span class='ocrx_word' id='word_1_221' title='bbox 297 1999 311 2014; x_wconf 69' lang='grc' dir='ltr'>α</span> <span class='ocrx_word' id='word_1_222' title='bbox 332 1995 413 2026; x_wconf 87' lang='lat' dir='ltr'>This</span> <span class='ocrx_word' id='word_1_223' title='bbox 431 1995 544 2026; x_wconf 85' lang='lat' dir='ltr'>clause</span> <span class='ocrx_word' id='word_1_224' title='bbox 563 2005 672 2026; x_wconf 82' lang='lat' dir='ltr'>seems</span> <span class='ocrx_word' id='word_1_225' title='bbox 691 2000 728 2026; x_wconf 74' lang='lat' dir='ltr'>to</span> <span class='ocrx_word' id='word_1_226' title='bbox 749 1996 788 2026; x_wconf 87' lang='lat' dir='ltr'>be</span> <span class='ocrx_word' id='word_1_227' title='bbox 807 2005 827 2026; x_wconf 88' lang='lat' dir='ltr'>a</span> <span class='ocrx_word' id='word_1_228' title='bbox 846 2001 1019 2026; x_wconf 70' lang='lat' dir='ltr'>comment,</span> <span class='ocrx_word' id='word_1_229' title='bbox 1038 1996 1073 2026; x_wconf 73' lang='lat' dir='ltr'>of</span> <span class='ocrx_word' id='word_1_230' title='bbox 1094 1995 1231 2036; x_wconf 84' lang='lat' dir='ltr'>Pliny’s.</span> 
     </span>
    </p>
   </div>
   <div class='ocr_carea' id='block_1_7' title="bbox 182 2065 253 2102">
    <p class='ocr_par' dir='ltr' id='par_1_10' title="bbox 182 2065 253 2102">
     <span class='ocr_line' id='line_1_34' title="bbox 182 2065 253 2102; baseline 0 0"><span class='ocrx_word' id='word_1_231' title='bbox 182 2065 253 2102; x_wconf 91' lang='lat'>606</span> 
     </span>
    </p>
   </div>
  </div>
 </body>
</html>
