1482 2312
401 125 587 163 PLINY:
637 125 898 163 NATURAL
932 124 1166 162 HISTORY

205 233 246 264 et
286 227 409 264 tubae
448 232 677 271 concentus,
718 226 938 264 velocitatis
979 239 1163 275 magnae,
1203 224 1364 262 humani

140 286 180 316 76
200 284 370 330 corporis
386 280 448 317 vel
462 283 674 329 praecipue
690 280 963 329 adpetentem.
1017 279 1166 315 XXXI.
1195 281 1235 315 in
1251 278 1365 316 India

203 339 243 370 et
267 334 386 370 boves
409 333 542 370 solidis
565 333 722 382 ungulis
746 335 967 375 unicornes,
992 337 1033 368 et
1056 331 1183 368 feram
1206 335 1364 368 nomine

201 389 292 422 axin
305 385 479 422 hinnulei
490 385 609 435 pelle,
619 385 794 434 pluribus
807 385 1176 434 candidioribusque
1189 384 1363 428 maculis,

200 452 398 476 sacrorum
415 439 430 462 1
447 439 578 475 Liberi
592 442 716 488 patris
731 438 886 488 (Orsaei
902 438 988 475 Indi
1004 441 1134 474 simias
1147 438 1364 474 candentes

200 498 287 528 toto
321 505 483 540 corpore
519 492 743 541 venantur),
778 494 1033 540 asperrimam
1069 496 1205 527 autem
1238 490 1365 527 feram

201 551 509 587 monocerotem,
533 544 684 593 reliquo
707 557 870 593 corpore
895 557 997 594 equo
1028 544 1210 588 similem,
1232 546 1364 593 capite

201 611 329 641 cervo,
350 597 516 646 pedibus
539 597 767 646 elephanto,
787 597 914 634 cauda
935 610 1044 646 apro,
1064 600 1221 646 mugitu
1241 599 1364 647 gravi,

200 663 278 687 uno
319 663 439 687 cornu
481 653 592 700 nigro
633 650 766 687 media
806 649 937 686 fronte
977 650 1201 686 cubitorum
1242 650 1362 687 duum

202 706 414 740 eminente.
470 702 571 739 hanc
590 703 717 739 feram
734 706 863 739 vivam
881 709 1031 752 negant
1049 706 1149 752 capi.

139 760 178 790 77
248 756 418 792 XXXII.
449 756 568 805 Apud
582 757 796 805 Hesperios
810 755 1030 804 Aethiopas
1042 755 1129 792 fons
1144 761 1205 792 est
1219 755 1364 805 Nigris,

200 815 245 845 ut
270 809 448 858 plerique
476 812 767 852 existimavere,
794 808 873 845 Nili
897 814 1032 858 caput,
1057 814 1103 845 ut
1128 814 1364 859 argumenta

200 875 302 911 quae
324 862 493 898 diximus
515 861 770 911 persuadent.
824 865 937 898 iuxta
958 861 1061 898 hunc
1083 861 1168 898 fera
1190 861 1365 911 appella-

199 921 264 951 tur
293 915 536 963 catoblepas‚
566 915 720 951 modica
749 914 894 964 alioqui
924 917 1147 964 ceterisque
1177 915 1363 952 membris

198 971 315 1011 iners,
352 974 473 1017 caput
507 974 668 1004 tantum
704 980 924 1017 praegrave
959 981 1079 1018 aegre
1114 968 1259 1012 ferens,
1293 968 1364 1005 id²

198 1020 399 1057 deiectum
423 1034 580 1069 semper
603 1024 642 1057 in
665 1027 828 1065 terram,
852 1021 948 1058 alias
971 1023 1178 1058 internicio
1201 1020 1363 1058 humani

196 1077 367 1123 generis,
399 1074 579 1110 omnibus
612 1076 678 1124 qui
710 1073 841 1111 oculos
875 1077 957 1111 eius
990 1074 1123 1111 videre
1153 1074 1363 1111 confestim

197 1127 480 1175 expirantibus.

134 1183 173 1214 78
244 1179 436 1217 XXXIII.
470 1179 623 1216 Eadem
665 1186 706 1217 et
746 1180 914 1217 basilisci
954 1183 1149 1230 serpentis
1191 1186 1252 1217 est
1293 1183 1361 1218 vis.

199 1231 417 1282 Cyrenaica
451 1232 554 1270 hunc
590 1239 758 1283 generat
793 1236 1005 1283 provincia,
1041 1233 1249 1270 duodecim
1285 1247 1363 1270 non

197 1286 365 1334 amplius
396 1286 611 1336 digitorum
642 1287 932 1336 magnitudine,
961 1287 1130 1323 candida
1161 1290 1200 1322 in
1230 1289 1362 1336 capite

197 1339 352 1375 macula
399 1345 444 1376 ut
493 1339 665 1388 quodam
713 1339 942 1376 diademate
989 1342 1196 1389 insignem.
1250 1339 1362 1376 sibilo

196 1394 321 1428 omnis
335 1391 450 1442 fugat
464 1399 684 1441 serpentes,
698 1405 770 1429 nec
785 1392 890 1429 flexu
905 1392 1112 1442 multiplici
1126 1399 1171 1429 ut
1185 1392 1362 1442 reliquae

196 1457 336 1494 corpus
350 1445 505 1495 inpellit
518 1446 588 1482 sed
600 1445 726 1483 celsus
741 1451 783 1482 et
797 1451 951 1483 erectus
964 1448 1004 1482 in
1017 1445 1148 1483 medio
1160 1446 1359 1484 incedens.

631 1531 642 1550 ²
665 1541 795 1562 sacram
811 1531 880 1562 edd.

632 1573 644 1592 ²
665 1573 766 1605 ideo?
784 1573 944 1614 Mayhoff.

230 1697 244 1712 ⁰
267 1688 374 1730 Again
393 1700 435 1720 an
455 1690 536 1721 echo
555 1690 589 1722 of
607 1691 665 1722 the
683 1691 884 1728 rhinoceros,
906 1691 1067 1723 confused
1086 1691 1169 1723 with
1187 1691 1246 1723 the
1265 1695 1358 1724 ante-

188 1732 279 1773 lope;
310 1732 375 1763 and
392 1733 449 1763 the
465 1743 557 1764 same
573 1733 694 1774 hybrid
712 1735 745 1765 in
762 1744 782 1765 a
797 1744 890 1765 more
905 1734 992 1766 lurid
1009 1734 1113 1776 shape
1129 1745 1240 1766 recurs
1254 1735 1359 1766 below

188 1776 222 1806 in
236 1775 294 1806 the
309 1776 457 1806 unicorn.

231 1816 242 1836 ¹³
266 1818 418 1858 Possibly
436 1829 456 1849 a
473 1818 610 1859 spotted
627 1818 705 1850 deer
722 1819 756 1850 oi
773 1819 882 1851 India.

229 1865 240 1879 ⁶
262 1860 417 1901 Mayhoff
443 1868 539 1892 notes
569 1862 646 1893 that
675 1862 743 1893 this
777 1867 935 1894 sentence
964 1861 1059 1894 looks
1089 1873 1130 1894 as
1162 1862 1190 1894 if
1209 1863 1357 1905 wrongly

188 1903 333 1934 inserted
355 1904 441 1934 here.

233 1945 247 1964 ¹²
270 1945 368 1977 N.W.
388 1945 502 1976 Africa
522 1946 689 1985 (nowhere
708 1957 788 1978 near
806 1947 865 1978 the
883 1947 984 1987 Nile).

234 1993 244 2006 ²
268 1988 275 2001 ‘
289 1988 360 2019 The
377 1988 723 2027 downward-looker,‘
740 1990 884 2031 perhaps
899 1990 958 2021 the
973 2000 1051 2031 gnu.

198 2049 245 2097 56
