<?xml version="1.0" encoding="UTF-8"?>
<!DOCTYPE html PUBLIC "-//W3C//DTD XHTML 1.0 Transitional//EN"
    "http://www.w3.org/TR/xhtml1/DTD/xhtml1-transitional.dtd">
<html xmlns="http://www.w3.org/1999/xhtml" xml:lang="en" lang="en">
 <head>
  <title>
</title>
<meta http-equiv="Content-Type" content="text/html;charset=utf-8" />
  <meta name='ocr-system' content='tesseract 3.04.00' />
  <meta name='ocr-capabilities' content='ocr_page ocr_carea ocr_par ocr_line ocrx_word'/>
</head>
<body>
  <div class='ocr_page' id='page_1' title='image "./naturalhistory03plinuoft/naturalhistory03plinuoft_0170.png"; bbox 0 0 1482 2312; ppageno 0'>
   <div class='ocr_carea' id='block_1_1' title="bbox 419 142 1191 182">
    <p class='ocr_par' dir='ltr' id='par_1_1' title="bbox 419 142 1191 182">
     <span class='ocr_line' id='line_1_1' title="bbox 419 142 1191 182; baseline 0 -2"><span class='ocrx_word' id='word_1_1' title='bbox 419 142 585 182; x_wconf 88' lang='lat' dir='ltr'>PLINY</span> <span class='ocrx_word' id='word_1_2' title='bbox 599 157 609 182; x_wconf 76' lang='lat' dir='ltr'><strong><em>z</em></strong></span> <span class='ocrx_word' id='word_1_3' title='bbox 658 144 921 182; x_wconf 87' lang='lat' dir='ltr'>NATURAL</span> <span class='ocrx_word' id='word_1_4' title='bbox 956 143 1191 182; x_wconf 85' lang='lat' dir='ltr'>HISTORY</span> 
     </span>
    </p>
   </div>
   <div class='ocr_carea' id='block_1_2' title="bbox 138 244 1395 1581">
    <p class='ocr_par' dir='ltr' id='par_1_2' title="bbox 138 244 1395 1581">
     <span class='ocr_line' id='line_1_2' title="bbox 224 244 1393 295; baseline 0 -13"><span class='ocrx_word' id='word_1_5' title='bbox 224 257 297 282; x_wconf 91' lang='lat' dir='ltr'><strong>nec</strong></span> <span class='ocrx_word' id='word_1_6' title='bbox 325 244 425 290; x_wconf 89' lang='lat' dir='ltr'><strong>fera,</strong></span> <span class='ocrx_word' id='word_1_7' title='bbox 454 246 525 282; x_wconf 91' lang='lat' dir='ltr'><strong>sed</strong></span> <span class='ocrx_word' id='word_1_8' title='bbox 557 246 715 283; x_wconf 89' lang='lat' dir='ltr'><strong>mediae</strong></span> <span class='ocrx_word' id='word_1_9' title='bbox 748 249 854 283; x_wconf 90' lang='lat' dir='ltr'><strong>inter</strong></span> <span class='ocrx_word' id='word_1_10' title='bbox 887 252 1102 295; x_wconf 88' lang='lat' dir='ltr'><strong>utrumque</strong></span> <span class='ocrx_word' id='word_1_11' title='bbox 1135 251 1318 289; x_wconf 87' lang='lat' dir='ltr'><strong>naturae,</strong></span> <span class='ocrx_word' id='word_1_12' title='bbox 1347 250 1393 282; x_wconf 81' lang='lat' dir='ltr'><strong>ut</strong></span> 
     </span>
     <span class='ocr_line' id='line_1_3' title="bbox 224 297 1391 348; baseline -0.001 -13"><span class='ocrx_word' id='word_1_13' title='bbox 224 301 264 335; x_wconf 92' lang='lat' dir='ltr'><strong>in</strong></span> <span class='ocrx_word' id='word_1_14' title='bbox 298 298 519 335; x_wconf 83' lang='lat' dir='ltr'><strong>volucribus</strong></span> <span class='ocrx_word' id='word_1_15' title='bbox 557 298 802 343; x_wconf 85' lang='lat' dir='ltr'>hirundines,</span> <span class='ocrx_word' id='word_1_16' title='bbox 832 300 959 348; x_wconf 90' lang='lat' dir='ltr'><strong>apes,l</strong></span> <span class='ocrx_word' id='word_1_17' title='bbox 990 302 1030 335; x_wconf 90' lang='lat' dir='ltr'><strong>in</strong></span> <span class='ocrx_word' id='word_1_18' title='bbox 1067 301 1165 335; x_wconf 88' lang='lat' dir='ltr'><strong>mari</strong></span> <span class='ocrx_word' id='word_1_19' title='bbox 1203 297 1391 347; x_wconf 85' lang='lat' dir='ltr'><strong>delphini.</strong></span> 
     </span>
     <span class='ocr_line' id='line_1_4' title="bbox 138 351 1393 402; baseline 0 -15"><span class='ocrx_word' id='word_1_20' title='bbox 138 357 197 387; x_wconf 82' lang='lat'><strong>221</strong></span> <span class='ocrx_word' id='word_1_21' title='bbox 221 365 300 402; x_wconf 91' lang='lat' dir='ltr'><strong>quo</strong></span> <span class='ocrx_word' id='word_1_22' title='bbox 349 355 389 388; x_wconf 92' lang='lat' dir='ltr'><strong>in</strong></span> <span class='ocrx_word' id='word_1_23' title='bbox 436 365 585 401; x_wconf 83' lang='lat' dir='ltr'><strong>genere</strong></span> <span class='ocrx_word' id='word_1_24' title='bbox 632 353 747 389; x_wconf 87' lang='lat' dir='ltr'><strong>multi</strong></span> <span class='ocrx_word' id='word_1_25' title='bbox 797 358 839 389; x_wconf 83' lang='lat' dir='ltr'><strong>et</strong></span> <span class='ocrx_word' id='word_1_26' title='bbox 888 352 957 389; x_wconf 93' lang='lat' dir='ltr'><strong>hos</strong></span> <span class='ocrx_word' id='word_1_27' title='bbox 1006 351 1155 389; x_wconf 88' lang='lat' dir='ltr'><strong>incolas</strong></span> <span class='ocrx_word' id='word_1_28' title='bbox 1204 351 1393 389; x_wconf 90' lang='lat' dir='ltr'>domuum</span> 
     </span>
     <span class='ocr_line' id='line_1_5' title="bbox 222 404 1393 454; baseline -0.003 -12"><span class='ocrx_word' id='word_1_29' title='bbox 222 418 391 454; x_wconf 83' lang='lat' dir='ltr'><strong>posuere</strong></span> <span class='ocrx_word' id='word_1_30' title='bbox 417 419 563 449; x_wconf 84' lang='lat' dir='ltr'><strong>mures,</strong></span> <span class='ocrx_word' id='word_1_31' title='bbox 589 404 685 442; x_wconf 87' lang='lat' dir='ltr'><strong>haut</strong></span> <span class='ocrx_word' id='word_1_32' title='bbox 713 405 983 454; x_wconf 89' lang='lat' dir='ltr'><strong>spernendum</strong></span> <span class='ocrx_word' id='word_1_33' title='bbox 1009 408 1049 441; x_wconf 93' lang='lat' dir='ltr'><strong>in</strong></span> <span class='ocrx_word' id='word_1_34' title='bbox 1075 408 1242 442; x_wconf 84' lang='lat' dir='ltr'><strong>ostentis</strong></span> <span class='ocrx_word' id='word_1_35' title='bbox 1270 407 1393 442; x_wconf 87' lang='lat' dir='ltr'><strong>etiam</strong></span> 
     </span>
     <span class='ocr_line' id='line_1_6' title="bbox 221 458 1393 508; baseline -0.001 -14"><span class='ocrx_word' id='word_1_36' title='bbox 221 458 388 507; x_wconf 88' lang='lat' dir='ltr'>publicis</span> <span class='ocrx_word' id='word_1_37' title='bbox 424 458 593 495; x_wconf 87' lang='lat' dir='ltr'><strong>animal:</strong></span> <span class='ocrx_word' id='word_1_38' title='bbox 644 458 793 495; x_wconf 80' lang='lat' dir='ltr'>adrosis</span> <span class='ocrx_word' id='word_1_39' title='bbox 832 459 983 495; x_wconf 75' lang='lat' dir='ltr'><strong>Lanuw’</strong></span> <span class='ocrx_word' id='word_1_40' title='bbox 1020 458 1156 507; x_wconf 83' lang='lat' dir='ltr'><strong>clipeis</strong></span> <span class='ocrx_word' id='word_1_41' title='bbox 1193 460 1393 508; x_wconf 82' lang='lat' dir='ltr'><strong>argenteis</strong></span> 
     </span>
     <span class='ocr_line' id='line_1_7' title="bbox 224 511 1394 561; baseline 0 -14"><span class='ocrx_word' id='word_1_42' title='bbox 224 511 440 548; x_wconf 88' lang='lat' dir='ltr'><strong>Marsicum</strong></span> <span class='ocrx_word' id='word_1_43' title='bbox 478 511 718 561; x_wconf 82' lang='lat' dir='ltr'><strong>portendere</strong></span> <span class='ocrx_word' id='word_1_44' title='bbox 755 511 919 556; x_wconf 90' lang='lat' dir='ltr'><strong>bellum,</strong></span> <span class='ocrx_word' id='word_1_45' title='bbox 957 511 1127 548; x_wconf 85' lang='lat' dir='ltr'><strong>Carboni</strong></span> <span class='ocrx_word' id='word_1_46' title='bbox 1165 513 1394 560; x_wconf 88' lang='lat' dir='ltr'><strong>imperatori</strong></span> 
     </span>
     <span class='ocr_line' id='line_1_8' title="bbox 222 564 1394 615; baseline -0.001 -14"><span class='ocrx_word' id='word_1_47' title='bbox 222 565 329 614; x_wconf 91' lang='lat' dir='ltr'><strong>apud</strong></span> <span class='ocrx_word' id='word_1_48' title='bbox 346 564 523 602; x_wconf 84' lang='lat' dir='ltr'><strong>Clusium</strong></span> <span class='ocrx_word' id='word_1_49' title='bbox 540 564 681 602; x_wconf 83' lang='lat' dir='ltr'><strong>fasceis</strong></span> <span class='ocrx_word' id='word_1_50' title='bbox 700 565 842 615; x_wconf 87' lang='lat' dir='ltr'><strong>quibus</strong></span> <span class='ocrx_word' id='word_1_51' title='bbox 860 568 899 601; x_wconf 93' lang='lat' dir='ltr'><strong>in</strong></span> <span class='ocrx_word' id='word_1_52' title='bbox 917 565 1087 602; x_wconf 85' lang='lat' dir='ltr'><strong>calciatu</strong></span> <span class='ocrx_word' id='word_1_53' title='bbox 1104 564 1296 601; x_wconf 85' lang='lat' dir='ltr'><strong>utebatur</strong></span> <span class='ocrx_word' id='word_1_54' title='bbox 1313 566 1394 601; x_wconf 87' lang='lat' dir='ltr'><strong>exi-</strong></span> 
     </span>
     <span class='ocr_line' id='line_1_9' title="bbox 222 618 1394 669; baseline -0.002 -14"><span class='ocrx_word' id='word_1_55' title='bbox 222 621 336 655; x_wconf 85' lang='lat' dir='ltr'><strong>tium.</strong></span> <span class='ocrx_word' id='word_1_56' title='bbox 390 618 504 668; x_wconf 90' lang='lat' dir='ltr'><strong>plura</strong></span> <span class='ocrx_word' id='word_1_57' title='bbox 539 632 675 655; x_wconf 92' lang='lat' dir='ltr'><strong>eorum</strong></span> <span class='ocrx_word' id='word_1_58' title='bbox 708 631 858 669; x_wconf 88' lang='lat' dir='ltr'><strong>genera</strong></span> <span class='ocrx_word' id='word_1_59' title='bbox 892 621 931 654; x_wconf 93' lang='lat' dir='ltr'><strong>in</strong></span> <span class='ocrx_word' id='word_1_60' title='bbox 965 618 1185 668; x_wconf 86' lang='lat' dir='ltr'><strong>Cyrenaica</strong></span> <span class='ocrx_word' id='word_1_61' title='bbox 1218 620 1394 668; x_wconf 86' lang='lat' dir='ltr'><strong>regione,</strong></span> 
     </span>
     <span class='ocr_line' id='line_1_10' title="bbox 222 671 1394 721; baseline 0 -14"><span class='ocrx_word' id='word_1_62' title='bbox 222 671 287 707; x_wconf 86' lang='lat' dir='ltr'><strong>alii</strong></span> <span class='ocrx_word' id='word_1_63' title='bbox 314 671 399 708; x_wconf 87' lang='lat' dir='ltr'><strong>lata</strong></span> <span class='ocrx_word' id='word_1_64' title='bbox 426 671 572 716; x_wconf 87' lang='lat' dir='ltr'><strong>fronte,</strong></span> <span class='ocrx_word' id='word_1_65' title='bbox 600 672 665 708; x_wconf 91' lang='lat' dir='ltr'><strong>alii</strong></span> <span class='ocrx_word' id='word_1_66' title='bbox 694 678 826 716; x_wconf 87' lang='lat' dir='ltr'><strong>acuta,</strong></span> <span class='ocrx_word' id='word_1_67' title='bbox 854 671 920 708; x_wconf 91' lang='lat' dir='ltr'><strong>alii</strong></span> <span class='ocrx_word' id='word_1_68' title='bbox 947 674 1218 708; x_wconf 86' lang='lat' dir='ltr'><strong>irenaceorum</strong></span> <span class='ocrx_word' id='word_1_69' title='bbox 1246 683 1394 721; x_wconf 88' lang='lat' dir='ltr'><strong>genere</strong></span> 
     </span>
     <span class='ocr_line' id='line_1_11' title="bbox 139 724 1394 775; baseline 0.001 -16"><span class='ocrx_word' id='word_1_70' title='bbox 139 730 202 760; x_wconf 78' lang='lat'><strong>222</strong></span> <span class='ocrx_word' id='word_1_71' title='bbox 221 725 493 775; x_wconf 87' lang='lat' dir='ltr'><strong>pungentibus</strong></span> <span class='ocrx_word' id='word_1_72' title='bbox 542 725 643 775; x_wconf 93' lang='lat' dir='ltr'><strong>pilis.</strong></span> <span class='ocrx_word' id='word_1_73' title='bbox 703 724 1001 774; x_wconf 80' lang='lat' dir='ltr'><strong>Theophrastus</strong></span> <span class='ocrx_word' id='word_1_74' title='bbox 1053 730 1191 761; x_wconf 81' lang='lat' dir='ltr'><strong>auctor</strong></span> <span class='ocrx_word' id='word_1_75' title='bbox 1243 730 1303 761; x_wconf 88' lang='lat' dir='ltr'><strong>est</strong></span> <span class='ocrx_word' id='word_1_76' title='bbox 1354 726 1394 760; x_wconf 91' lang='lat' dir='ltr'><strong>in</strong></span> 
     </span>
     <span class='ocr_line' id='line_1_12' title="bbox 223 777 1394 828; baseline -0.001 -13"><span class='ocrx_word' id='word_1_77' title='bbox 223 777 357 828; x_wconf 87' lang='lat' dir='ltr'><strong>Gyara</strong></span> <span class='ocrx_word' id='word_1_78' title='bbox 378 779 505 815; x_wconf 87' lang='lat' dir='ltr'><strong>insula</strong></span> <span class='ocrx_word' id='word_1_79' title='bbox 525 792 616 815; x_wconf 89' lang='lat' dir='ltr'><strong>cum</strong></span> <span class='ocrx_word' id='word_1_80' title='bbox 637 778 784 815; x_wconf 89' lang='lat' dir='ltr'><strong>incolas</strong></span> <span class='ocrx_word' id='word_1_81' title='bbox 806 778 1045 828; x_wconf 56' lang='lat' dir='ltr'><strong>fugassent?</strong></span> <span class='ocrx_word' id='word_1_82' title='bbox 1065 777 1213 814; x_wconf 85' lang='lat' dir='ltr'><strong>ferrum</strong></span> <span class='ocrx_word' id='word_1_83' title='bbox 1236 790 1394 827; x_wconf 90' lang='lat' dir='ltr'><strong>quoque</strong></span> 
     </span>
     <span class='ocr_line' id='line_1_13' title="bbox 223 830 1394 882; baseline -0.001 -14"><span class='ocrx_word' id='word_1_84' title='bbox 223 834 363 869; x_wconf 90' lang='lat' dir='ltr'><strong>rosisse</strong></span> <span class='ocrx_word' id='word_1_85' title='bbox 389 845 469 875; x_wconf 85' lang='lat' dir='ltr'><strong>eos,</strong></span> <span class='ocrx_word' id='word_1_86' title='bbox 494 831 534 869; x_wconf 92' lang='lat' dir='ltr'><strong>id</strong></span> <span class='ocrx_word' id='word_1_87' title='bbox 558 832 665 882; x_wconf 89' lang='lat' dir='ltr'><strong>quod</strong></span> <span class='ocrx_word' id='word_1_88' title='bbox 688 838 832 868; x_wconf 88' lang='lat' dir='ltr'><strong>natura</strong></span> <span class='ocrx_word' id='word_1_89' title='bbox 856 831 1029 882; x_wconf 89' lang='lat' dir='ltr'><strong>quadam</strong></span> <span class='ocrx_word' id='word_1_90' title='bbox 1055 837 1096 868; x_wconf 88' lang='lat' dir='ltr'><strong>et</strong></span> <span class='ocrx_word' id='word_1_91' title='bbox 1120 831 1172 868; x_wconf 89' lang='lat' dir='ltr'><strong>ad</strong></span> <span class='ocrx_word' id='word_1_92' title='bbox 1195 830 1394 881; x_wconf 85' lang='lat' dir='ltr'><strong>Chalybas</strong></span> 
     </span>
     <span class='ocr_line' id='line_1_14' title="bbox 220 883 1395 934; baseline 0 -13"><span class='ocrx_word' id='word_1_93' title='bbox 220 883 353 922; x_wconf 90' lang='lat' dir='ltr'><strong>facere</strong></span> <span class='ocrx_word' id='word_1_94' title='bbox 367 887 407 921; x_wconf 94' lang='lat' dir='ltr'><strong>in</strong></span> <span class='ocrx_word' id='word_1_95' title='bbox 420 885 592 922; x_wconf 86' lang='lat' dir='ltr'><strong>ferrariis</strong></span> <span class='ocrx_word' id='word_1_96' title='bbox 605 887 766 923; x_wconf 90' lang='lat' dir='ltr'><strong>officinis</strong></span> <span class='ocrx_word' id='word_1_97' title='bbox 780 897 789 929; x_wconf 89' lang='grc'>;</span> <span class='ocrx_word' id='word_1_98' title='bbox 818 888 981 922; x_wconf 86' lang='lat' dir='ltr'><strong>aurariis</strong></span> <span class='ocrx_word' id='word_1_99' title='bbox 996 884 1156 934; x_wconf 88' lang='lat' dir='ltr'><strong>quidem</strong></span> <span class='ocrx_word' id='word_1_100' title='bbox 1171 887 1210 920; x_wconf 90' lang='lat' dir='ltr'><strong>in</strong></span> <span class='ocrx_word' id='word_1_101' title='bbox 1224 883 1395 921; x_wconf 88' lang='lat' dir='ltr'><strong>metallis</strong></span> 
     </span>
     <span class='ocr_line' id='line_1_15' title="bbox 222 937 1395 988; baseline 0 -14"><span class='ocrx_word' id='word_1_102' title='bbox 222 938 272 974; x_wconf 93' lang='lat' dir='ltr'><strong>ob</strong></span> <span class='ocrx_word' id='word_1_103' title='bbox 308 937 381 975; x_wconf 93' lang='lat' dir='ltr'><strong>hoc</strong></span> <span class='ocrx_word' id='word_1_104' title='bbox 417 938 524 976; x_wconf 86' lang='lat' dir='ltr'><strong>alvos</strong></span> <span class='ocrx_word' id='word_1_105' title='bbox 560 952 696 976; x_wconf 88' lang='lat' dir='ltr'><strong>eorum</strong></span> <span class='ocrx_word' id='word_1_106' title='bbox 733 939 861 975; x_wconf 89' lang='lat' dir='ltr'><strong>excidi</strong></span> <span class='ocrx_word' id='word_1_107' title='bbox 896 951 1134 988; x_wconf 88' lang='lat' dir='ltr'><strong>semperque</strong></span> <span class='ocrx_word' id='word_1_108' title='bbox 1169 937 1320 975; x_wconf 85' lang='lat' dir='ltr'><strong>furtum</strong></span> <span class='ocrx_word' id='word_1_109' title='bbox 1355 937 1395 975; x_wconf 95' lang='lat' dir='ltr'><strong>id</strong></span> 
     </span>
     <span class='ocr_line' id='line_1_16' title="bbox 222 990 1394 1041; baseline 0 -13"><span class='ocrx_word' id='word_1_110' title='bbox 222 990 482 1041; x_wconf 86' lang='lat' dir='ltr'><strong>deprehendi,</strong></span> <span class='ocrx_word' id='word_1_111' title='bbox 510 998 668 1029; x_wconf 80' lang='lat' dir='ltr'><strong>tantam</strong></span> <span class='ocrx_word' id='word_1_112' title='bbox 708 1005 794 1029; x_wconf 91' lang='lat' dir='ltr'><strong>esse</strong></span> <span class='ocrx_word' id='word_1_113' title='bbox 823 991 1075 1029; x_wconf 88' lang='lat' dir='ltr'><strong>dulcedinem</strong></span> <span class='ocrx_word' id='word_1_114' title='bbox 1103 991 1274 1028; x_wconf 83' lang='lat' dir='ltr'><strong>furandi.</strong></span> <span class='ocrx_word' id='word_1_115' title='bbox 1329 1004 1394 1029; x_wconf 82' lang='lat' dir='ltr'><strong>ve—</strong></span> 
     </span>
     <span class='ocr_line' id='line_1_17' title="bbox 222 1044 1393 1083; baseline 0 -2"><span class='ocrx_word' id='word_1_116' title='bbox 222 1047 325 1082; x_wconf 90' lang='lat' dir='ltr'><strong>nisse</strong></span> <span class='ocrx_word' id='word_1_117' title='bbox 376 1058 531 1083; x_wconf 86' lang='lat' dir='ltr'><strong>murem</strong></span> <span class='ocrx_word' id='word_1_118' title='bbox 581 1059 624 1083; x_wconf 92' lang='lat' dir='ltr'><strong>cc</strong></span> <span class='ocrx_word' id='word_1_119' title='bbox 675 1045 879 1082; x_wconf 81' lang='lat' dir='ltr'><strong>denariis3</strong></span> <span class='ocrx_word' id='word_1_120' title='bbox 923 1045 1138 1082; x_wconf 89' lang='lat' dir='ltr'><strong>Casilinum</strong></span> <span class='ocrx_word' id='word_1_121' title='bbox 1183 1044 1393 1082; x_wconf 85' lang='lat' dir='ltr'><strong>obsidente</strong></span> 
     </span>
     <span class='ocr_line' id='line_1_18' title="bbox 223 1098 1395 1149; baseline 0.001 -15"><span class='ocrx_word' id='word_1_122' title='bbox 223 1098 464 1143; x_wconf 88' lang='lat' dir='ltr'><strong>Hannibale,</strong></span> <span class='ocrx_word' id='word_1_123' title='bbox 487 1112 659 1149; x_wconf 90' lang='lat' dir='ltr'><strong>eumque</strong></span> <span class='ocrx_word' id='word_1_124' title='bbox 683 1101 749 1149; x_wconf 91' lang='lat' dir='ltr'><strong>qui</strong></span> <span class='ocrx_word' id='word_1_125' title='bbox 774 1098 1017 1136; x_wconf 80' lang='lat' dir='ltr'><strong>vendidisset</strong></span> <span class='ocrx_word' id='word_1_126' title='bbox 1033 1098 1049 1122; x_wconf 80' lang='lat'>4</span> <span class='ocrx_word' id='word_1_127' title='bbox 1069 1098 1176 1135; x_wconf 90' lang='lat' dir='ltr'><strong>fame</strong></span> <span class='ocrx_word' id='word_1_128' title='bbox 1199 1100 1395 1142; x_wconf 87' lang='lat' dir='ltr'><strong>interisse,</strong></span> 
     </span>
     <span class='ocr_line' id='line_1_19' title="bbox 138 1151 1393 1201; baseline 0.001 -14"><span class='ocrx_word' id='word_1_129' title='bbox 138 1156 201 1188; x_wconf 77' lang='lat'><strong>223</strong></span> <span class='ocrx_word' id='word_1_130' title='bbox 222 1158 444 1201; x_wconf 85' lang='lat' dir='ltr'><strong>emptorem</strong></span> <span class='ocrx_word' id='word_1_131' title='bbox 480 1155 637 1196; x_wconf 89' lang='lat' dir='ltr'><strong>vixisse,</strong></span> <span class='ocrx_word' id='word_1_132' title='bbox 672 1152 835 1189; x_wconf 88' lang='lat' dir='ltr'><strong>annales</strong></span> <span class='ocrx_word' id='word_1_133' title='bbox 869 1152 1048 1189; x_wconf 91' lang='lat' dir='ltr'><strong>tradunt.</strong></span> <span class='ocrx_word' id='word_1_134' title='bbox 1113 1165 1203 1190; x_wconf 89' lang='lat' dir='ltr'><strong>cum</strong></span> <span class='ocrx_word' id='word_1_135' title='bbox 1230 1151 1393 1189; x_wconf 75' lang='lat' dir='ltr'><strong>‘candidi</strong></span> 
     </span>
     <span class='ocr_line' id='line_1_20' title="bbox 220 1205 1394 1254; baseline 0 -13"><span class='ocrx_word' id='word_1_136' title='bbox 220 1217 453 1254; x_wconf 87' lang='lat' dir='ltr'><strong>provenere,</strong></span> <span class='ocrx_word' id='word_1_137' title='bbox 472 1205 624 1243; x_wconf 84' lang='lat' dir='ltr'><strong>laetum</strong></span> <span class='ocrx_word' id='word_1_138' title='bbox 644 1205 797 1243; x_wconf 83' lang='lat' dir='ltr'><strong>faciunt</strong></span> <span class='ocrx_word' id='word_1_139' title='bbox 817 1212 1033 1243; x_wconf 88' lang='lat' dir='ltr'><strong>ostentum.</strong></span> <span class='ocrx_word' id='word_1_140' title='bbox 1087 1218 1179 1241; x_wconf 89' lang='lat' dir='ltr'><strong>nam</strong></span> <span class='ocrx_word' id='word_1_141' title='bbox 1199 1208 1394 1242; x_wconf 90' lang='lat' dir='ltr'><strong>sauricum</strong></span> 
     </span>
     <span class='ocr_line' id='line_1_21' title="bbox 222 1257 1393 1309; baseline 0.001 -15"><span class='ocrx_word' id='word_1_142' title='bbox 222 1265 390 1295; x_wconf 84' lang='lat' dir='ltr'><strong>occentu</strong></span> <span class='ocrx_word' id='word_1_143' title='bbox 423 1259 551 1296; x_wconf 87' lang='lat' dir='ltr'><strong>dirimi</strong></span> <span class='ocrx_word' id='word_1_144' title='bbox 585 1262 760 1309; x_wconf 89' lang='lat' dir='ltr'><strong>auspicia</strong></span> <span class='ocrx_word' id='word_1_145' title='bbox 792 1259 955 1296; x_wconf 88' lang='lat' dir='ltr'><strong>annales</strong></span> <span class='ocrx_word' id='word_1_146' title='bbox 987 1258 1155 1295; x_wconf 87' lang='lat' dir='ltr'><strong>refertos</strong></span> <span class='ocrx_word' id='word_1_147' title='bbox 1188 1257 1393 1295; x_wconf 84' lang='lat' dir='ltr'><strong>habemus.</strong></span> 
     </span>
     <span class='ocr_line' id='line_1_22' title="bbox 222 1311 1395 1362; baseline 0 -14"><span class='ocrx_word' id='word_1_148' title='bbox 222 1315 393 1349; x_wconf 86' lang='lat' dir='ltr'><strong>saurices</strong></span> <span class='ocrx_word' id='word_1_149' title='bbox 425 1318 467 1349; x_wconf 78' lang='lat' dir='ltr'><strong>et</strong></span> <span class='ocrx_word' id='word_1_150' title='bbox 497 1316 601 1362; x_wconf 90' lang='lat' dir='ltr'><strong>ipsos</strong></span> <span class='ocrx_word' id='word_1_151' title='bbox 631 1312 763 1349; x_wconf 89' lang='lat' dir='ltr'><strong>hieme</strong></span> <span class='ocrx_word' id='word_1_152' title='bbox 793 1312 908 1349; x_wconf 92' lang='lat' dir='ltr'><strong>condi</strong></span> <span class='ocrx_word' id='word_1_153' title='bbox 939 1318 1077 1349; x_wconf 87' lang='lat' dir='ltr'><strong>auctor</strong></span> <span class='ocrx_word' id='word_1_154' title='bbox 1107 1318 1168 1349; x_wconf 86' lang='lat' dir='ltr'><strong>est</strong></span> <span class='ocrx_word' id='word_1_155' title='bbox 1200 1311 1395 1362; x_wconf 86' lang='lat' dir='ltr'><strong>Nigidius,</strong></span> 
     </span>
     <span class='ocr_line' id='line_1_23' title="bbox 222 1364 1393 1416; baseline 0.001 -15"><span class='ocrx_word' id='word_1_156' title='bbox 222 1368 323 1402; x_wconf 85' lang='lat' dir='ltr'><strong>sicut</strong></span> <span class='ocrx_word' id='word_1_157' title='bbox 356 1366 489 1416; x_wconf 88' lang='lat' dir='ltr'><strong>glires,</strong></span> <span class='ocrx_word' id='word_1_158' title='bbox 524 1379 621 1416; x_wconf 92' lang='lat' dir='ltr'><strong>quos</strong></span> <span class='ocrx_word' id='word_1_159' title='bbox 654 1369 858 1403; x_wconf 89' lang='lat' dir='ltr'><strong>censoriae</strong></span> <span class='ocrx_word' id='word_1_160' title='bbox 891 1366 1001 1416; x_wconf 87' lang='lat' dir='ltr'><strong>leges</strong></span> <span class='ocrx_word' id='word_1_161' title='bbox 1034 1368 1298 1415; x_wconf 89' lang='lat' dir='ltr'><strong>princepsque</strong></span> <span class='ocrx_word' id='word_1_162' title='bbox 1335 1364 1393 1402; x_wconf 90' lang='lat' dir='ltr'><strong>M.</strong></span> 
     </span>
     <span class='ocr_line' id='line_1_24' title="bbox 222 1417 1394 1456; baseline 0.001 -2"><span class='ocrx_word' id='word_1_163' title='bbox 222 1417 390 1456; x_wconf 90' lang='lat' dir='ltr'><strong>Scaurus</strong></span> <span class='ocrx_word' id='word_1_164' title='bbox 416 1422 456 1455; x_wconf 91' lang='lat' dir='ltr'><strong>in</strong></span> <span class='ocrx_word' id='word_1_165' title='bbox 483 1419 692 1456; x_wconf 90' lang='lat' dir='ltr'><strong>consulatu</strong></span> <span class='ocrx_word' id='word_1_166' title='bbox 719 1433 797 1456; x_wconf 92' lang='lat' dir='ltr'><strong>non</strong></span> <span class='ocrx_word' id='word_1_167' title='bbox 824 1419 901 1456; x_wconf 88' lang='lat' dir='ltr'><strong>alio</strong></span> <span class='ocrx_word' id='word_1_168' title='bbox 928 1418 1046 1456; x_wconf 90' lang='lat' dir='ltr'><strong>modo</strong></span> <span class='ocrx_word' id='word_1_169' title='bbox 1073 1421 1179 1456; x_wconf 91' lang='lat' dir='ltr'><strong>cenis</strong></span> <span class='ocrx_word' id='word_1_170' title='bbox 1207 1418 1394 1455; x_wconf 86' lang='lat' dir='ltr'><strong>ademere</strong></span> 
     </span>
     <span class='ocr_line' id='line_1_25' title="bbox 453 1497 1164 1538; baseline 0 -10"><span class='ocrx_word' id='word_1_171' title='bbox 453 1498 464 1516; x_wconf 82' lang='lat'>¹</span> <span class='ocrx_word' id='word_1_172' title='bbox 488 1498 541 1528; x_wconf 85' lang='lat' dir='ltr'><strong>v.l.</strong></span> <span class='ocrx_word' id='word_1_173' title='bbox 557 1509 638 1538; x_wconf 84' lang='lat' dir='ltr'><strong>aper</strong></span> <span class='ocrx_word' id='word_1_174' title='bbox 655 1498 766 1538; x_wconf 84' lang='lat' dir='ltr'><strong>(apri?</strong></span> <span class='ocrx_word' id='word_1_175' title='bbox 784 1497 964 1536; x_wconf 75' lang='lat' dir='ltr'><strong>Raclckam)</strong></span> <span class='ocrx_word' id='word_1_176' title='bbox 981 1497 1016 1528; x_wconf 91' lang='lat' dir='ltr'><strong>in</strong></span> <span class='ocrx_word' id='word_1_177' title='bbox 1032 1507 1164 1538; x_wconf 88' lang='lat' dir='ltr'><strong>campo.</strong></span> 
     </span>
     <span class='ocr_line' id='line_1_26' title="bbox 452 1540 1016 1581; baseline 0 -10"><span class='ocrx_word' id='word_1_178' title='bbox 452 1542 463 1559; x_wconf 72' lang='lat'><strong>²</strong></span> <span class='ocrx_word' id='word_1_179' title='bbox 485 1540 615 1571; x_wconf 85' lang='lat' dir='ltr'><strong>incolae</strong></span> <span class='ocrx_word' id='word_1_180' title='bbox 630 1540 822 1581; x_wconf 77' lang='lat' dir='ltr'><strong>fugissent?</strong></span> <span class='ocrx_word' id='word_1_181' title='bbox 839 1540 1016 1572; x_wconf 71' lang='lat' dir='ltr'><strong>Rackham.</strong></span> 
     </span>
    </p>
   </div>
   <div class='ocr_carea' id='block_1_3' title="bbox 450 1582 1136 1658">
    <p class='ocr_par' dir='ltr' id='par_1_3' title="bbox 450 1582 1136 1658">
     <span class='ocr_line' id='line_1_27' title="bbox 450 1582 1136 1615; baseline -0.001 -1"><span class='ocrx_word' id='word_1_182' title='bbox 450 1584 462 1601; x_wconf 74' lang='lat'><strong>³</strong></span> <span class='ocrx_word' id='word_1_183' title='bbox 486 1583 633 1614; x_wconf 84' lang='lat' dir='ltr'><strong>denariis</strong></span> <span class='ocrx_word' id='word_1_184' title='bbox 648 1584 722 1615; x_wconf 80' lang='lat' dir='ltr'><strong>add.</strong></span> <span class='ocrx_word' id='word_1_185' title='bbox 741 1582 896 1614; x_wconf 69' lang='lat' dir='ltr'><strong>Budzezcs</strong></span> <span class='ocrx_word' id='word_1_186' title='bbox 912 1594 927 1615; x_wconf 83' lang='lat' dir='ltr'><strong>e</strong></span> <span class='ocrx_word' id='word_1_187' title='bbox 953 1583 1022 1615; x_wconf 80' lang='lat' dir='ltr'><strong>Val.</strong></span> <span class='ocrx_word' id='word_1_188' title='bbox 1041 1583 1082 1614; x_wconf 83' lang='lat' dir='ltr'><em>M</em></span> <span class='ocrx_word' id='word_1_189' title='bbox 1084 1593 1136 1614; x_wconf 81' lang='lat' dir='ltr'><strong>ax.</strong></span> 
     </span>
     <span class='ocr_line' id='line_1_28' title="bbox 451 1626 912 1658; baseline -0.002 0"><span class='ocrx_word' id='word_1_190' title='bbox 451 1627 461 1645; x_wconf 80' lang='lat'><strong>⁴</strong></span> <span class='ocrx_word' id='word_1_191' title='bbox 485 1626 675 1658; x_wconf 71' lang='lat' dir='ltr'><strong>Rackham:</strong></span> <span class='ocrx_word' id='word_1_192' title='bbox 701 1627 912 1658; x_wconf 76' lang='lat' dir='ltr'><strong>vendiderat.</strong></span> 
     </span>
    </p>
   </div>
   <div class='ocr_carea' id='block_1_4' title="bbox 293 1684 398 1688">
    <p class='ocr_par' dir='ltr' id='par_1_4' title="bbox 293 1684 398 1688">
     <span class='ocr_line' id='line_1_29' title="bbox 293 1684 398 1688; baseline 0 0"><span class='ocrx_word' id='word_1_193' title='bbox 293 1684 398 1688; x_wconf 95' lang='lat' dir='ltr'><strong> </strong></span> 
     </span>
    </p>
   </div>
   <div class='ocr_carea' id='block_1_5' title="bbox 480 1683 1118 1687">
    <p class='ocr_par' dir='ltr' id='par_1_5' title="bbox 480 1683 1118 1687">
     <span class='ocr_line' id='line_1_30' title="bbox 480 1683 1118 1687; baseline 0 0"><span class='ocrx_word' id='word_1_194' title='bbox 480 1683 1118 1687; x_wconf 95' lang='lat' dir='ltr'><strong> </strong></span> 
     </span>
    </p>
   </div>
   <div class='ocr_carea' id='block_1_6' title="bbox 218 1711 1392 2043">
    <p class='ocr_par' dir='ltr' id='par_1_6' title="bbox 263 1711 1256 1754">
     <span class='ocr_line' id='line_1_31' title="bbox 263 1711 1256 1754; baseline 0 -11"><span class='ocrx_word' id='word_1_195' title='bbox 263 1717 277 1731; x_wconf 85' lang='lat'><strong>⁰</strong></span> <span class='ocrx_word' id='word_1_196' title='bbox 302 1712 330 1743; x_wconf 88' lang='lat' dir='ltr'><strong>A</strong></span> <span class='ocrx_word' id='word_1_197' title='bbox 348 1713 483 1743; x_wconf 77' lang='lat' dir='ltr'><strong>variant</strong></span> <span class='ocrx_word' id='word_1_198' title='bbox 499 1713 593 1753; x_wconf 81' lang='lat' dir='ltr'><strong>gives</strong></span> <span class='ocrx_word' id='word_1_199' title='bbox 611 1711 618 1724; x_wconf 95' lang='lat'>‘</span> <span class='ocrx_word' id='word_1_200' title='bbox 634 1712 808 1749; x_wconf 79' lang='lat' dir='ltr'><strong>swallows,</strong></span> <span class='ocrx_word' id='word_1_201' title='bbox 828 1722 870 1743; x_wconf 93' lang='lat' dir='ltr'><strong>on</strong></span> <span class='ocrx_word' id='word_1_202' title='bbox 889 1713 948 1743; x_wconf 84' lang='lat' dir='ltr'><strong>the</strong></span> <span class='ocrx_word' id='word_1_203' title='bbox 965 1712 1058 1754; x_wconf 86' lang='lat' dir='ltr'><strong>plain</strong></span> <span class='ocrx_word' id='word_1_204' title='bbox 1075 1712 1133 1743; x_wconf 79' lang='lat' dir='ltr'><strong>the</strong></span> <span class='ocrx_word' id='word_1_205' title='bbox 1151 1711 1256 1744; x_wconf 81' lang='lat' dir='ltr'><strong>boar.’</strong></span> 
     </span>
    </p>

    <p class='ocr_par' dir='ltr' id='par_1_7' title="bbox 265 1755 808 1792">
     <span class='ocr_line' id='line_1_32' title="bbox 265 1755 808 1792; baseline 0 -5"><span class='ocrx_word' id='word_1_206' title='bbox 265 1756 277 1774; x_wconf 69' lang='lat'><strong><em>⁰</em></strong></span> <span class='ocrx_word' id='word_1_207' title='bbox 298 1755 369 1787; x_wconf 87' lang='lat' dir='ltr'><strong>The</strong></span> <span class='ocrx_word' id='word_1_208' title='bbox 385 1755 494 1788; x_wconf 83' lang='lat' dir='ltr'><strong>Social</strong></span> <span class='ocrx_word' id='word_1_209' title='bbox 511 1756 601 1792; x_wconf 82' lang='lat' dir='ltr'><strong>War,</strong></span> <span class='ocrx_word' id='word_1_210' title='bbox 619 1756 725 1787; x_wconf 84' lang='lat'>91-88</span> <span class='ocrx_word' id='word_1_211' title='bbox 744 1765 808 1787; x_wconf 83' lang='lat' dir='ltr'><strong>B.c.</strong></span> 
     </span>
    </p>

    <p class='ocr_par' dir='ltr' id='par_1_8' title="bbox 218 1798 1392 1915">
     <span class='ocr_line' id='line_1_33' title="bbox 267 1798 1391 1839; baseline 0 -10"><span class='ocrx_word' id='word_1_212' title='bbox 267 1803 277 1817; x_wconf 73' lang='lat'><em>⁶</em></span> <span class='ocrx_word' id='word_1_213' title='bbox 299 1798 409 1829; x_wconf 88' lang='lat' dir='ltr'><strong>Carbo</strong></span> <span class='ocrx_word' id='word_1_214' title='bbox 422 1809 491 1829; x_wconf 87' lang='lat' dir='ltr'><strong>was</strong></span> <span class='ocrx_word' id='word_1_215' title='bbox 507 1798 663 1829; x_wconf 78' lang='lat' dir='ltr'><strong>defeated</strong></span> <span class='ocrx_word' id='word_1_216' title='bbox 680 1799 724 1839; x_wconf 85' lang='lat' dir='ltr'><strong>by</strong></span> <span class='ocrx_word' id='word_1_217' title='bbox 739 1798 832 1830; x_wconf 82' lang='lat' dir='ltr'><strong>Sulla</strong></span> <span class='ocrx_word' id='word_1_218' title='bbox 844 1802 881 1829; x_wconf 80' lang='lat' dir='ltr'><strong>at</strong></span> <span class='ocrx_word' id='word_1_219' title='bbox 894 1798 1044 1830; x_wconf 85' lang='lat' dir='ltr'><strong>Clusium</strong></span> <span class='ocrx_word' id='word_1_220' title='bbox 1057 1799 1092 1829; x_wconf 87' lang='lat' dir='ltr'><strong>in</strong></span> <span class='ocrx_word' id='word_1_221' title='bbox 1106 1798 1256 1835; x_wconf 80' lang='lat' dir='ltr'><strong>Etruria,</strong></span> <span class='ocrx_word' id='word_1_222' title='bbox 1270 1799 1312 1829; x_wconf 87' lang='grc'><strong>82</strong></span> <span class='ocrx_word' id='word_1_223' title='bbox 1326 1806 1391 1829; x_wconf 85' lang='lat' dir='ltr'><strong>B.c.</strong></span> 
     </span>
     <span class='ocr_line' id='line_1_34' title="bbox 218 1840 1392 1914; baseline 0 -42"><span class='ocrx_word' id='word_1_224' title='bbox 218 1841 319 1914; x_wconf 49' lang='lat' dir='ltr'><strong>Lgner</strong></span> <span class='ocrx_word' id='word_1_225' title='bbox 335 1842 367 1872; x_wconf 91' lang='lat' dir='ltr'><strong>in</strong></span> <span class='ocrx_word' id='word_1_226' title='bbox 384 1841 442 1872; x_wconf 82' lang='lat' dir='ltr'><strong>the</strong></span> <span class='ocrx_word' id='word_1_227' title='bbox 458 1852 550 1872; x_wconf 88' lang='lat' dir='ltr'><strong>same</strong></span> <span class='ocrx_word' id='word_1_228' title='bbox 565 1852 646 1882; x_wconf 80' lang='lat' dir='ltr'><strong>year</strong></span> <span class='ocrx_word' id='word_1_229' title='bbox 662 1841 703 1872; x_wconf 81' lang='lat' dir='ltr'><strong>he</strong></span> <span class='ocrx_word' id='word_1_230' title='bbox 719 1841 787 1872; x_wconf 84' lang='lat' dir='ltr'><strong>had</strong></span> <span class='ocrx_word' id='word_1_231' title='bbox 808 1845 845 1872; x_wconf 83' lang='lat' dir='ltr'><strong>to</strong></span> <span class='ocrx_word' id='word_1_232' title='bbox 860 1841 907 1882; x_wconf 82' lang='lat' dir='ltr'><strong>fly</strong></span> <span class='ocrx_word' id='word_1_233' title='bbox 923 1845 960 1872; x_wconf 79' lang='lat' dir='ltr'><strong>to</strong></span> <span class='ocrx_word' id='word_1_234' title='bbox 975 1840 1101 1878; x_wconf 80' lang='lat' dir='ltr'><strong>Africa,</strong></span> <span class='ocrx_word' id='word_1_235' title='bbox 1118 1840 1186 1872; x_wconf 85' lang='lat' dir='ltr'><strong>and</strong></span> <span class='ocrx_word' id='word_1_236' title='bbox 1207 1851 1275 1872; x_wconf 82' lang='lat' dir='ltr'><strong>was</strong></span> <span class='ocrx_word' id='word_1_237' title='bbox 1290 1840 1392 1873; x_wconf 87' lang='lat' dir='ltr'><strong>killed</strong></span> 
     </span>
     <span class='ocr_line' id='line_1_35' title="bbox 219 1888 323 1915; baseline 0.01 -1"><span class='ocrx_word' id='word_1_238' title='bbox 219 1888 234 1914; x_wconf 83' lang='lat' dir='ltr'><strong>t</strong></span> <span class='ocrx_word' id='word_1_239' title='bbox 260 1894 323 1915; x_wconf 86' lang='lat' dir='ltr'><strong>ere.</strong></span> 
     </span>
    </p>

    <p class='ocr_par' dir='ltr' id='par_1_9' title="bbox 262 1926 695 1967">
     <span class='ocr_line' id='line_1_36' title="bbox 262 1926 695 1967; baseline -0.002 -9"><span class='ocrx_word' id='word_1_240' title='bbox 262 1926 276 1945; x_wconf 71' lang='lat'><strong>‘³</strong></span> <span class='ocrx_word' id='word_1_241' title='bbox 301 1926 372 1958; x_wconf 87' lang='lat' dir='ltr'><strong>One</strong></span> <span class='ocrx_word' id='word_1_242' title='bbox 392 1926 426 1957; x_wconf 85' lang='lat' dir='ltr'><strong>of</strong></span> <span class='ocrx_word' id='word_1_243' title='bbox 445 1926 503 1957; x_wconf 81' lang='lat' dir='ltr'><strong>the</strong></span> <span class='ocrx_word' id='word_1_244' title='bbox 523 1926 695 1967; x_wconf 76' lang='lat' dir='ltr'><strong>Cyclades.</strong></span> 
     </span>
    </p>

    <p class='ocr_par' dir='ltr' id='par_1_10' title="bbox 260 1968 1386 2010">
     <span class='ocr_line' id='line_1_37' title="bbox 260 1968 1386 2010; baseline 0.001 -11"><span class='ocrx_word' id='word_1_245' title='bbox 260 1974 271 1987; x_wconf 77' lang='lat'><em>²</em></span> <span class='ocrx_word' id='word_1_246' title='bbox 294 1969 442 2010; x_wconf 83' lang='lat' dir='ltr'><strong>Perhaps</strong></span> <span class='ocrx_word' id='word_1_247' title='bbox 461 1973 497 2000; x_wconf 83' lang='lat' dir='ltr'><strong>to</strong></span> <span class='ocrx_word' id='word_1_248' title='bbox 518 1969 558 2000; x_wconf 88' lang='lat' dir='ltr'><strong>be</strong></span> <span class='ocrx_word' id='word_1_249' title='bbox 577 1969 740 2000; x_wconf 88' lang='lat' dir='ltr'><strong>emended</strong></span> <span class='ocrx_word' id='word_1_250' title='bbox 761 1968 768 1980; x_wconf 80' lang='lat'><strong><em>⁵</em></strong></span> <span class='ocrx_word' id='word_1_251' title='bbox 782 1969 878 2000; x_wconf 85' lang='lat' dir='ltr'><strong>when</strong></span> <span class='ocrx_word' id='word_1_252' title='bbox 897 1969 956 2000; x_wconf 78' lang='lat' dir='ltr'><strong>the</strong></span> <span class='ocrx_word' id='word_1_253' title='bbox 975 1969 1188 2000; x_wconf 74' lang='lat' dir='ltr'><strong>inhabitants</strong></span> <span class='ocrx_word' id='word_1_254' title='bbox 1207 1968 1275 2000; x_wconf 82' lang='lat' dir='ltr'><strong>had</strong></span> <span class='ocrx_word' id='word_1_255' title='bbox 1297 1968 1386 2000; x_wconf 62' lang='lat' dir='ltr'><strong>fied!</strong></span> 
     </span>
    </p>

    <p class='ocr_par' dir='ltr' id='par_1_11' title="bbox 261 2010 629 2043">
     <span class='ocr_line' id='line_1_38' title="bbox 261 2010 629 2043; baseline 0.003 -1"><span class='ocrx_word' id='word_1_256' title='bbox 261 2011 276 2035; x_wconf 69' lang='grc' dir='ltr'><em>Ι</em></span> <span class='ocrx_word' id='word_1_257' title='bbox 293 2010 346 2042; x_wconf 92' lang='lat' dir='ltr'><strong>On</strong></span> <span class='ocrx_word' id='word_1_258' title='bbox 361 2011 419 2042; x_wconf 79' lang='lat' dir='ltr'><strong>the</strong></span> <span class='ocrx_word' id='word_1_259' title='bbox 434 2011 540 2043; x_wconf 84' lang='lat' dir='ltr'><strong>Black</strong></span> <span class='ocrx_word' id='word_1_260' title='bbox 557 2011 629 2043; x_wconf 82' lang='lat' dir='ltr'><strong>Sea.</strong></span> 
     </span>
    </p>
   </div>
   <div class='ocr_carea' id='block_1_7' title="bbox 226 2076 292 2113">
    <p class='ocr_par' dir='ltr' id='par_1_12' title="bbox 226 2076 292 2113">
     <span class='ocr_line' id='line_1_39' title="bbox 226 2076 292 2113; baseline -0.045 0"><span class='ocrx_word' id='word_1_261' title='bbox 226 2076 292 2113; x_wconf 82' lang='lat'><strong>154</strong></span> 
     </span>
    </p>
   </div>
  </div>
 </body>
</html>
