1482 2312
129 640 184 671 101

126 1153 187 1184 102

126 1667 186 1697 103

411 148 597 186 PLINY:
650 149 912 187 NATURAL
950 148 1185 186 HISTORY

213 257 348 287 autern
366 251 424 288 his
442 254 481 287 in
499 264 565 289 ore
584 257 625 288 et
642 265 713 301 pro
731 251 877 301 lingua.
912 257 1005 288 sunt
1022 250 1060 287 hi
1079 250 1204 288 aculei
1223 251 1383 301 quibus-

212 315 304 352 dam
328 314 510 359 hebetes,
533 329 664 365 neque
689 315 739 352 ad
762 321 956 365 punctum
979 314 1049 351 sed
1073 315 1123 351 ad
1146 320 1316 358 suctum,
1338 320 1385 351 ut

213 393 436 415 muscarum
460 382 612 429 generi,
636 382 675 415 in
700 393 777 429 quo
801 379 937 429 lingua
961 379 1121 415 evidens
1146 378 1278 415 fistula
1301 384 1384 422 est3

213 456 284 480 nec
309 449 401 480 sunt
426 443 571 480 talibus
596 443 750 480 dentes.
807 443 890 479 aliis
914 442 1111 479 cornicula
1135 448 1229 479 ante
1254 442 1385 479 oculos

213 507 532 556 praetenduntur
575 511 730 557 ignava,
773 513 817 543 ut
858 507 1133 556 papilionibus.
1189 506 1385 556 quaedam

211 574 362 608 insecta
384 577 522 608 carent
546 574 688 620 pinnis,
713 577 757 608 ut
781 571 1051 620 scolopendra.

262 634 425 671 XXXV.
457 634 704 671 Insectorum
720 635 843 684 pedes
860 635 1002 684 qujbus
1018 640 1111 671 sunt
1125 637 1165 670 in
1181 634 1385 684 obliquum

212 705 433 735 moventur.
490 699 738 748 quorundam
765 701 933 735 extremi
961 698 1157 749 longiores
1183 698 1276 735 foris
1302 712 1385 735 cur-

211 769 367 807 vantur,
388 769 433 800 ut
452 762 624 800 locustis.

263 827 352 864 Hae
375 829 550 877 pariunt,
573 829 613 863 in
636 833 784 864 terram
809 826 980 864 demisso
1004 829 1140 877 spinae
1164 827 1290 871 caule,
1314 840 1387 863 ova

212 891 411 928 condensa
448 894 628 928 autumni
666 897 860 942 tempore.
917 904 965 928 ea
1001 891 1145 928 durant
1183 890 1328 935 hieme,
1364 904 1386 928 e

212 960 319 992 terra
343 956 603 1005 subsequenti
629 969 731 992 anno
756 958 867 992 exitu
891 958 992 992 veris
1016 957 1209 992 emittunt
1232 968 1386 1005 parvas,

212 1022 416 1069 nigrantes
461 1026 502 1056 et
546 1022 629 1056 sine
673 1020 865 1063 cruribus,
909 1022 1120 1070 pinnisque
1164 1024 1383 1069 reptantes.

212 1085 348 1134 itaque
372 1086 499 1120 vernis
522 1084 536 1107 1
559 1086 670 1134 aquis
693 1086 897 1120 intereunt
919 1097 1006 1128 ova,
1027 1086 1128 1120 sicco
1150 1097 1242 1120 vere
1264 1085 1387 1120 maior

212 1154 439 1198 proventus.
496 1147 560 1184 alii
590 1148 788 1198 duplicem
819 1161 955 1185 earum
985 1147 1127 1191 fetum,
1152 1148 1387 1198 geminum2

212 1214 380 1249 exitium
404 1212 874 1262 tradunt—vergiliarum
900 1218 1042 1249 exortu
1067 1225 1221 1262 parere,
1242 1211 1386 1248 deinde

213 1276 263 1313 ad
280 1279 386 1312 canis
405 1282 536 1313 ortum
555 1277 663 1313 obire
683 1283 724 1313 et
743 1276 837 1313 alias
856 1279 1029 1319 renasci;
1062 1276 1223 1326 quidam
1241 1279 1385 1312 arcturi

212 1354 352 1377 occasu
372 1343 536 1377 renasci.
592 1343 688 1378 mori
711 1347 859 1378 matres
877 1354 966 1377 cum
984 1343 1214 1391 pepererint
1232 1347 1385 1377 certum

213 1411 288 1448 est,
310 1405 522 1441 vermiculo
543 1407 680 1441 statim
701 1408 803 1441 circa
824 1404 958 1442 fauces
979 1407 1210 1441 innascente
1232 1407 1298 1454 qui
1321 1417 1386 1441 eas

212 1469 447 1519 strangulat.
504 1469 645 1506 eodem
658 1475 840 1519 tempore
854 1482 983 1505 mares
997 1469 1160 1507 obeunt.
1216 1475 1257 1505 et
1271 1467 1286 1491 ³
1303 1475 1385 1505 tam

211 1532 349 1569 frivola
396 1536 548 1570 ratione
596 1536 811 1570 morientes
858 1539 1087 1583 serpentem
1134 1546 1223 1570 curn
1271 1533 1385 1570 libuit

211 1603 357 1633 necant
378 1597 571 1647 singulae,
588 1597 767 1634 faucibus
789 1600 872 1634 eius
895 1597 1152 1647 adprehensis
1174 1597 1382 1634 mordicus.

211 1674 288 1698 non
325 1668 540 1698 nascuntur
569 1664 640 1698 nisi
670 1664 822 1698 rimosis
852 1661 956 1698 locis.
1013 1666 1052 1699 in
1083 1661 1197 1698 India
1225 1667 1384 1698 ternum

211 1726 358 1775 pedum
410 1725 666 1776 longitudinis
714 1739 799 1763 esse
846 1725 1073 1770 traduntur,
1119 1726 1296 1763 cruribus
1343 1731 1385 1762 et

211 1788 423 1826 feminibus
451 1803 647 1827 serrarum
676 1804 789 1827 usum
816 1791 1009 1840 praebere
1037 1803 1127 1826 cum
1153 1792 1383 1826 inaruerint.

212 1859 273 1891 est
295 1860 336 1890 et
359 1853 456 1891 alius
479 1867 615 1891 earum
637 1855 791 1891 obitus:
827 1856 1027 1904 gregatim
1054 1853 1235 1891 sublatae
1264 1859 1383 1890 vento

399 1940 410 1959 ¹
432 1941 490 1971 An
506 1940 679 1971 hibernis?
697 1941 770 1979 (Ar.
787 1943 1030 1981 μετοπωρινῶν)
1047 1940 1210 1981 Maylwff.

400 1983 411 2002 ²
433 1983 632 2014 Hardouin:
657 1984 911 2024 geminumque.

396 2025 408 2044 ³
432 2026 608 2067 Mayhoff:
633 2026 792 2058 obeunte.

209 2082 279 2117 494
