1482 2312
110 238 152 270 66

109 1001 150 1032 67

109 1487 150 1517 68

377 131 543 170 PLINY
556 146 566 170 ε
614 133 650 170 Ν
652 132 876 171 ATURAL
910 132 1143 170 HISTORY

229 235 377 285 Tigrim
406 235 581 284 Hyrcani
611 241 652 271 et
682 234 769 271 Indi
789 234 938 278 ferunt,
959 234 1105 271 animal
1123 234 1343 271 velocitatis

179 304 426 347 tremendae,
454 310 495 340 et
521 306 695 340 maxime
722 306 906 354 cognitae
934 304 1028 340 dum
1054 306 1210 353 capitur
1234 310 1343 340 totus

180 376 262 410 eius
286 373 406 417 fetus,
431 376 495 423 qui
521 386 679 422 semper
703 386 932 409 numerosus
959 379 1030 409 est.
1058 373 1108 409 ab
1132 373 1343 410 insidiante

177 445 329 492 rapitur
346 455 447 492 equo
464 455 583 492 quam
599 444 773 478 maxime
788 444 952 491 pernici,
968 447 1091 492 atque
1107 445 1147 478 in
1162 448 1344 479 recentes

179 511 346 548 subinde
373 511 623 548 transfertur.
680 517 722 547 at
750 511 815 547 ubi
846 524 1011 547 vacuum
1041 511 1170 547 cubile
1198 514 1345 560 reperit

177 581 261 618 feta
300 581 489 630 (maribus
529 583 635 617 enim
673 581 818 617 subolis
857 593 950 617 cura
988 593 1066 617 non
1105 581 1181 630 est)
1220 580 1346 617 fertur

178 663 366 700 praeceps
405 650 524 687 odore
562 652 774 699 vestigans.
830 655 965 699 raptor
1002 649 1345 699 adpropinquante

177 719 339 756 fremitu
362 719 482 756 abicit
506 732 629 755 unum
652 732 702 755 ex
723 718 877 756 catulis.
931 718 1039 755 tollit
1060 718 1128 755 illa
1150 732 1280 756 morsu
1305 725 1346 755 et

176 789 353 839 pondere
380 791 503 825 etiam
530 791 635 825 ocior
661 794 752 825 acta
780 794 933 825 remeat
961 790 1185 838 iterumque
1212 801 1345 825 conse-

179 861 326 907 quitur,
355 871 400 894 ac
429 857 596 894 subinde
626 857 752 894 donec
780 860 821 893 in
848 870 991 894 navem
1022 870 1199 907 regresso
1228 860 1345 894 imita

177 926 314 964 feritas
333 929 460 963 saevit
478 930 516 963 in
535 927 662 963 litore.

228 996 374 1032 XXVI.
405 996 588 1033 Camelos
640 999 744 1033 inter
795 1001 977 1033 armenta
1028 999 1153 1046 pascit
1205 999 1347 1040 oriens,

178 1079 344 1116 quarum
370 1066 448 1102 duo
472 1079 635 1115 genera,
660 1065 844 1102 Bactriae
870 1071 911 1102 et
936 1066 1123 1110 Arabiae,
1147 1065 1347 1109 differunt,

178 1135 285 1185 quod
298 1135 391 1171 illae
407 1135 501 1171 bina
516 1134 667 1171 habent
683 1135 828 1172 tubera
845 1138 883 1171 in
901 1135 1030 1178 dorso,
1045 1134 1121 1172 hae
1136 1135 1290 1185 singula
1306 1141 1347 1172 et

179 1205 250 1241 sub
269 1211 429 1253 pectore
448 1205 618 1241 alterum
637 1207 697 1241 cui
716 1205 970 1241 incumbant:
1003 1204 1183 1241 dentium
1200 1207 1347 1254 superi-

178 1287 244 1310 ore
259 1274 395 1311 ordine
411 1280 455 1311 ut
470 1274 589 1311 boves
604 1280 742 1311 carent
758 1277 797 1310 in
811 1280 982 1324 utroque
996 1287 1156 1324 genere.
1212 1287 1346 1311 omnes

177 1349 313 1379 autem
328 1346 595 1379 iumentorum
617 1346 843 1381 ministeriis
859 1343 973 1380 dorso
989 1343 1210 1393 funguntur
1225 1350 1346 1393 atque

179 1416 299 1449 etiam
329 1415 531 1462 equitatus
560 1415 598 1448 in
626 1413 806 1461 proeliis3
850 1413 1037 1450 velocitas
1065 1412 1167 1449 infra
1195 1414 1346 1463 equos.l

178 1481 248 1518 sed
265 1484 407 1531 cuique
426 1495 611 1518 mensura
629 1485 743 1518 sicuti
765 1485 887 1525 vires;
921 1495 993 1519 nec
1012 1482 1116 1518 ultra
1135 1482 1344 1519 adsuetum

177 1551 356 1600 procedit
387 1554 575 1600 spatium,
606 1564 679 1588 nec
710 1551 796 1600 plus
828 1554 1012 1588 instituto
1042 1564 1162 1588 onere
1193 1554 1343 1601 recipit.

177 1620 310 1657 odium
345 1620 531 1657 adversus
567 1634 687 1670 equos
721 1626 867 1670 gerunt
901 1620 1095 1658 naturale.
1165 1624 1271 1658 sitim
1305 1627 1345 1658 et

179 1689 397 1739 quadriduo
452 1689 640 1733 tolerant,
695 1689 988 1740 implenturque
1042 1704 1131 1726 cum
1184 1690 1343 1727 bibendi

178 1762 328 1795 occasio
345 1765 404 1795 est
420 1765 461 1795 et
476 1762 516 1795 in
531 1763 794 1808 praeteritum
812 1765 853 1796 et
868 1762 907 1795 in
922 1759 1114 1803 futurum,
1130 1760 1345 1797 obturbata

177 1828 469 1877 proculcatione
494 1831 599 1877 prius
625 1841 749 1878 aqua:
789 1828 906 1865 aliter
929 1835 1026 1878 potu
1051 1842 1129 1865 non
1152 1829 1342 1879 gaudent.

179 1900 314 1934 vivunt
349 1899 636 1947 quinquagenis
676 1900 801 1941 annis,
836 1897 1034 1948 quaedam
1069 1904 1110 1935 et
1143 1901 1344 1943 centenis;

346 1980 355 1998 ²
385 1982 544 2022 Dellefsen
558 1994 564 2011 τ
590 1982 678 2013 inter
694 1993 800 2023 equos
817 1987 870 2021 (ut
885 1993 992 2023 equos
1009 1983 1186 2024 Mayhoff).

174 2054 219 2091 50
