1482 2312
131 658 188 689 147

128 1128 190 1159 148

131 1539 190 1570 149

410 139 574 178 PLINY
589 153 598 177 ε
648 140 910 177 NATURAL
945 139 1180 177 HISTORY

213 243 411 294 quandam
433 257 482 280 ex
504 249 672 293 utroque
693 249 879 279 naturam
900 242 1064 285 habent,
1081 245 1214 279 urticis
1235 242 1322 279 dico
1343 247 1384 279 et

211 306 406 353 spongeis.

264 361 427 398 Urticae
485 366 603 397 noctu
662 366 857 410 vagantur
914 360 1122 409 locumque
1139 359 1152 382 ¹
1210 364 1382 396 mutant.

210 433 398 456 carnosae
419 419 567 456 frondis
589 418 647 455 his
669 425 826 461 natura,
847 424 888 455 et
909 431 1027 455 carne
1049 424 1273 454 vescuntur.
1329 420 1384 454 vis

211 481 365 527 pruritu
421 477 584 514 mordax
643 483 702 514 est
756 477 978 526 eademque
1032 490 1134 526 quae
1185 478 1384 513 terrestris

213 539 374 573 urticae.
429 535 627 573 contrahit
657 549 751 586 ergo
776 549 817 572 se
844 549 963 585 quam
987 537 1161 572 maxime
1185 538 1315 585 rigens
1339 547 1385 571 ac

212 601 473 644 praenatante
508 594 694 644 pisciculo
728 594 910 631 frondem
945 607 1057 630 suam
1092 596 1243 643 spargit
1278 606 1382 630 com-

214 654 473 703 plectensque
523 653 699 690 devorat.
755 653 851 689 alias
900 656 1091 689 marcenti
1153 652 1288 689 similis
1344 658 1385 688 et

211 715 347 749 iactari
370 726 412 749 se
437 725 552 761 passa
578 712 700 748 fluctu
725 712 839 761 algae
865 714 962 755 vice,
988 717 1192 747 contactos
1220 713 1385 760 piscium

212 774 434 821 attrituque
448 777 588 820 petrae
602 770 826 819 scalpentes
840 773 1036 819 pruritum
1051 769 1213 806 invadit.
1243 769 1385 805 eadem

212 836 330 866 noctu
352 833 530 879 pectines
553 835 593 866 et
616 829 774 865 echinos
796 828 1020 878 perquirit.2
1073 841 1163 865 curn
1185 828 1384 865 admoveri

211 889 282 925 sibi
318 902 478 924 manum
512 891 648 931 sentit,
681 888 852 924 colorem
886 893 1017 924 mutat
1051 893 1092 924 et
1123 886 1383 923 contrahitur.

210 953 318 984 tacta
339 948 543 984 uredinem
565 947 744 989 emittit,3
764 946 1005 996 paulumque
1023 949 1053 984 si
1075 945 1150 982 fuit
1171 943 1385 989 intervalli,

212 1005 477 1043 absconditur.
541 1018 612 1042 ora
665 1007 701 1042 ei
747 1008 787 1041 in
835 1005 965 1042 radice
1020 1017 1104 1041 esse
1159 1004 1386 1046 traduntur,

213 1071 470 1101 excrementa
490 1077 561 1113 per
580 1076 735 1100 summa
756 1067 865 1101 tenui
888 1063 1019 1100 fistula
1037 1063 1162 1100 reddi.

266 1123 410 1159 LXIX.
440 1122 713 1173 Spongearum
780 1125 857 1159 tria
924 1135 1073 1172 genera
1140 1124 1386 1171 accepimus:

211 1186 379 1231 spissum
403 1195 447 1218 ac
470 1182 711 1231 praedurum
735 1187 775 1218 et
799 1194 984 1230 asperum
1011 1186 1147 1230 tragos
1163 1179 1180 1203 ‘²
1210 1186 1386 1223 vocatur,

212 1240 367 1277 minus⁵
388 1244 556 1290 spissum
579 1247 620 1277 et
643 1240 783 1277 molius
805 1253 956 1283 manos,
977 1245 1101 1276 tenue
1123 1239 1387 1289 densumque,

213 1313 261 1336 ex
300 1313 378 1349 quo
416 1299 602 1348 penicilli,
640 1298 864 1335 Achillium.
920 1304 1136 1335 nascuntur
1173 1311 1309 1335 onmes
1347 1300 1387 1334 in

211 1362 348 1407 petris,
391 1358 550 1394 aluntur
595 1357 765 1401 conchis,
812 1361 932 1407 pisce,
979 1357 1082 1394 limo.
1138 1357 1387 1394 intellectum

212 1420 340 1454 inesse
375 1416 433 1453 his
468 1422 649 1466 apparet,
685 1419 790 1466 quia,
826 1417 890 1453 ubi
927 1415 1179 1452 avulsorem⁶
1213 1428 1386 1459 sensere,

212 1481 442 1512 contractae
462 1475 588 1511 multo
609 1475 800 1511 difficilius
825 1473 1123 1511 abstrahuntur.
1180 1473 1253 1510 hoc
1280 1473 1387 1510 idem

217 1533 338 1570 fluctu
369 1534 552 1583 pulsante
582 1533 745 1570 faciunt.
804 1536 933 1570 vivere
955 1546 1044 1570 esca
1063 1532 1276 1569 manifesto
1296 1545 1387 1569 con-

212 1591 310 1629 chae
330 1595 508 1629 minutae
527 1595 566 1628 in
585 1591 643 1629 his
662 1598 846 1641 repertae
865 1591 1095 1628 ostendunt.
1149 1593 1251 1628 circa
1269 1591 1386 1627 Toro-

214 1664 305 1688 nem
341 1654 441 1688 vesci
477 1651 551 1688 illis
586 1651 739 1687 avulsas
775 1653 897 1687 etiam
932 1652 1044 1687 aiunt
1079 1655 1120 1686 et
1156 1663 1205 1686 ex
1240 1649 1385 1686 relictis

444 1770 454 1788 ¹
479 1769 634 1810 Mayhfoff
646 1780 683 1800 ex
700 1769 870 1800 Aristotele
886 1781 892 1799 :
918 1773 1102 1808 noctuque.

442 1813 454 1831 2
479 1812 650 1843 Lacunam
666 1822 724 1853 per
748 1837 754 1843 .
782 1837 788 1843 .
815 1837 821 1842 .
847 1812 981 1852 quaerit
998 1810 1160 1851 Mayhoff.

439 1856 452 1873 ³
477 1855 680 1895 Mayhoff?:
707 1855 825 1886 mittit.

442 1898 452 1916 ⁴
478 1897 652 1938 Mayhoss:
677 1902 793 1937 tragos
809 1897 854 1928 id.

443 1941 455 1958 ⁵
479 1940 591 1971 minus
607 1941 680 1971 (uid.
699 1940 905 1971 Hermolaus.

443 1983 455 2000 ‘²
478 1982 701 2015 avolsurum?
720 1983 759 2014 M
762 1982 882 2024 ayhoff.

210 2045 277 2081 262
