1482 2312
156 356 196 387 19

156 705 197 736 20

159 1291 197 1321 21

161 1583 201 1613 22

417 130 582 170 PLINY
596 145 605 170 :
656 132 917 170 NATURAL
953 132 1187 171 HISTORY

221 234 383 271 odorem
425 233 587 283 quidem
628 247 707 271 non
749 233 855 271 aliud
897 248 1016 285 quam
1056 234 1253 272 infectum
1295 247 1394 272 aera*

221 291 400 342 intellegi
440 294 576 342 possit.
631 293 890 342 quamobrem
930 293 981 330 de
1019 292 1079 330 his
1118 295 1303 342 opinetur
1342 298 1387 329 ut

221 352 363 400 cuique
391 350 547 387 libitum
575 353 662 387 erit.
716 350 929 388 branchiae
957 364 1035 388 non
1065 356 1156 388 sunt
1184 350 1388 395 ballaenis,

222 421 295 445 nec
314 408 521 459 delphinis.
576 408 675 446 haec
694 409 773 446 duo
792 422 941 460 genera
961 409 1093 446 fistula
1111 411 1262 459 spirant
1285 421 1387 459 quae

222 466 272 503 ad
287 466 515 517 pulmonem
531 469 732 517 pertineat
745 466 775 512 1,
790 467 979 505 ballaenis
995 481 1019 504 a
1034 466 1178 511 fronte,
1194 465 1388 517 delphinis

223 538 246 561 a
288 524 414 562 dorso.
470 531 511 562 et
554 525 665 562 xituli
707 528 862 570 marini,
905 539 1002 576 quos
1045 531 1187 562 vocant
1229 524 1388 575 phocas,

223 585 373 633 spirant
402 597 447 620 ac
476 583 677 620 dormiunt
705 586 745 622 in
774 590 892 621 terra.
946 586 1044 621 item
1073 583 1311 628 testudines,
1338 576 1389 621 de

223 642 365 692 quibus
385 655 477 678 mox
498 641 622 692 plura.

274 699 363 736 VII.
393 699 692 738 Velocissimum
711 703 886 738 omnium
903 700 1144 745 animalium,
1165 713 1244 737 non
1265 699 1390 737 solum

223 761 477 803 marinorum,
501 765 562 796 est
591 759 800 810 delphinus
828 762 933 797 ocior
955 759 1125 803 volucre,
1149 761 1273 796 acrior
1294 758 1399 803 telo,

224 830 269 854 ac
303 819 376 854 nisi
410 817 580 854 multum
616 817 717 855 infra
750 824 921 855 rostrum
955 831 997 855 os
1030 817 1083 854 illi
1120 817 1223 855 foret
1256 817 1389 855 medio

224 888 352 926 paene
389 878 428 913 in
465 882 618 920 ventre,
655 876 784 914 nullus
819 879 985 928 piscium
1022 876 1271 914 celeritatem
1307 879 1398 914 eius

225 935 426 972 evaderet.
481 935 550 972 sed
583 935 716 973 adfert
746 949 897 973 moram
929 935 1179 986 providentia
1209 939 1393 980 naturae,

225 995 318 1043 quia
352 995 424 1030 nisi
461 996 633 1044 resupini
669 1000 791 1044 atque
827 996 1002 1031 conversi
1038 1007 1116 1031 non
1158 996 1399 1044 corripiunt„

225 1058 328 1101 quae
356 1064 475 1088 causa
503 1055 715 1103 praecipue
745 1052 998 1090 velocitatem
1028 1066 1164 1090 eorum
1193 1052 1391 1090 ostendit:

225 1123 317 1147 nam
338 1123 427 1147 cum
448 1109 553 1148 fame
574 1113 717 1148 conciti
738 1110 961 1162 fugientem
981 1114 1020 1148 in
1041 1111 1142 1148 vada
1162 1113 1241 1148 ima
1260 1124 1390 1162 perse-

225 1170 306 1204 cuti
345 1170 495 1218 piscem
535 1168 683 1205 diutius
723 1171 905 1220 spiritum
945 1171 1176 1206 continuere
1216 1175 1261 1207 ut
1300 1183 1392 1206 arcu

225 1228 331 1263 missi
354 1226 404 1263 ad
427 1227 699 1277 respirandum
723 1230 908 1272 emicant,
930 1233 1125 1277 tantaque
1147 1230 1184 1265 vi
1207 1227 1396 1279 exsiliunt

223 1291 268 1322 ut
302 1285 536 1335 plerumque
570 1285 657 1323 vela
691 1289 849 1323 navium
883 1286 1140 1323 transvolent.
1195 1292 1397 1337 vagantur

226 1342 309 1380 fere
332 1346 528 1394 coniugia,
550 1347 710 1394 pariunt
733 1344 883 1382 catulos
907 1345 1060 1382 decimo
1083 1357 1219 1382 mense
1243 1347 1393 1382 aestivo

226 1407 421 1452 tempore,
443 1405 601 1439 interim
625 1408 666 1440 et
687 1403 811 1440 binos.
866 1405 1048 1440 nutriunt
1070 1403 1270 1447 uberibus,
1292 1406 1393 1440 sicut

226 1460 421 1505 ballaena,
438 1468 559 1511 atque
577 1464 698 1498 etiam
715 1468 878 1512 gestant
893 1461 999 1499 fetus
1014 1461 1183 1498 infantia
1197 1462 1393 1505 infirmos;

228 1522 322 1570 quin
347 1526 388 1557 et
412 1520 568 1557 adultos
592 1521 659 1557 diu
684 1523 924 1557 comitantur
947 1533 1092 1570 magna
1117 1534 1211 1571 erga
1233 1526 1392 1570 partum

227 1581 406 1615 caritate.
462 1578 693 1615 adolescunt
739 1578 934 1623 celeriter,
975 1591 998 1616 x
1044 1581 1155 1615 annis
1201 1584 1394 1629 putantur

228 1636 277 1673 ad
315 1650 509 1674 summam
548 1637 866 1688 magnitudinem
903 1639 1121 1687 pervenire.
1177 1639 1313 1674 vivunt
1352 1643 1394 1675 et

227 1697 401 1740 tricenis,
433 1696 539 1746 quod
571 1698 774 1747 cognitum
806 1699 983 1746 praecisa
1013 1696 1139 1733 cauda
1169 1698 1210 1732 in
1241 1698 1394 1747 experi-

228 1760 420 1791 mentum.
476 1754 678 1792 abduntur
729 1757 889 1791 tricenis
942 1754 1081 1792 diebus
1134 1756 1237 1791 circa
1287 1756 1394 1792 canis

412 1859 423 1877 ²
449 1857 622 1897 Mayhoff:
647 1856 781 1888 fistulae
798 1857 854 1897 (·is
870 1857 955 1896 edd.)
981 1881 988 1889 .
1014 1881 1022 1889 .
1048 1881 1056 1889 .
1080 1856 1223 1898 spirant.

687 1979 701 1994 ‘²
723 1974 773 2007 Cf.
789 1975 873 2007 VIII
889 1976 940 2008 86.

233 2030 301 2074 176
