1482 2312
159 495 196 523 47

155 862 196 891 48

152 1414 194 1443 49

429 139 593 178 PLINY
608 154 616 177 :
667 141 927 179 NATURAL
963 141 1195 180 HISTORY

225 243 326 280 binis
355 245 566 292 sexaginta
593 243 831 287 cubitorum,
860 242 1075 287 caeruleos,
1104 246 1170 293 qui
1201 256 1345 281 nomen
1373 257 1396 281 a

225 303 325 340 facie
349 309 581 346 traxerunt3
618 303 677 340 his
700 309 834 341 tantas
858 317 944 341 esse
968 307 1068 341 vires
1093 310 1137 341 ut
1160 304 1394 356 elephantos

225 365 275 401 ad
313 371 429 414 potus
466 367 662 401 venientis
699 365 895 402 mordicus
942 365 1228 416 comprehensa
1275 379 1395 403 manu

226 439 361 463 eorum
383 425 629 462 abstrahant.

273 487 425 523 XVIII.
454 486 611 537 Thynni
656 500 783 524 mares
827 488 899 524 sub
943 494 1080 524 ventre
1124 501 1202 525 non
1244 487 1395 526 habent

223 551 397 598 pinnam.
455 551 605 585 intrant
628 561 649 585 e
672 562 818 599 magno
840 551 936 585 mari
960 548 1132 586 Pontum
1154 563 1274 587 verno
1295 556 1395 587 tem—

224 623 318 659 pore
335 612 629 660 gregatim‚nec
647 609 738 646 alibi
755 609 962 647 fetificant.
994 610 1154 661 cordyla
1171 611 1394 661 appellatur

223 677 374 721 partus,
393 674 459 721 qui
479 669 582 708 fetas
601 671 816 708 redeuntes
835 674 874 708 in
893 685 1001 709 mare
1021 678 1213 709 autumno
1232 675 1395 710 comita—

222 738 301 776 tur,
330 732 491 769 limosae
522 745 613 769 vere
631 732 643 755 ¹
675 738 744 769 aut
775 746 796 769 e
826 732 910 770 luto
939 733 1171 784 pelamydes
1200 736 1394 784 incipiunt

224 796 351 830 vocari
383 800 438 837 et,
468 807 558 830 cum
590 807 765 830 annuum
796 807 1002 831 excessere
1032 800 1206 845 tempus,
1236 794 1391 846 thynni.

222 854 260 891 hi
282 855 536 891 membratim
558 857 661 892 caesi
683 857 834 892 cervice
864 861 905 892 et
935 855 1146 893 abdomine
1168 856 1395 894 commend-

223 921 340 953 antur
359 922 481 966 atque
501 916 631 960 clidio,
651 919 802 953 recenti
822 916 1048 961 dumtaxat,
1068 923 1110 954 et
1129 923 1216 954 tum
1236 931 1394 968 quoque

221 980 330 1028 gravi
363 983 500 1021 ructu3
545 984 679 1014 cetera
711 984 825 1028 parte
857 978 982 1028 plenis
1014 978 1282 1029 pulpamentis
1313 978 1394 1016 sale

222 1039 503 1076 adservantur:
557 1039 790 1090 melandrya
819 1045 1023 1084 vocantur,
1053 1053 1220 1090 quercus
1258 1040 1395 1078 assulis

222 1100 374 1137 similia.
432 1100 618 1137 vilissima
643 1114 692 1137 ex
716 1100 775 1137 his
795 1114 898 1151 quae
917 1101 1068 1138 caudae
1089 1104 1281 1152 proxima,
1304 1104 1396 1152 quia

221 1164 356 1212 pingui
391 1168 544 1206 carent,
578 1163 857 1212 probatissima
891 1176 993 1212 quae
1029 1162 1230 1206 faucibus3
1279 1169 1321 1200 at
1355 1166 1395 1200 in

221 1222 296 1259 alio
318 1225 424 1273 pisce
446 1225 549 1260 circa
569 1223 737 1260 caudam
760 1224 1121 1261 exercitatissima.²
1162 1224 1394 1274 pelamydes

220 1286 260 1320 in
297 1284 498 1334 apolectos
535 1284 886 1335 particulatimque
923 1291 1133 1323 consectae
1169 1288 1209 1322 in
1245 1299 1393 1337 genera

220 1346 425 1396 cybiorum
445 1346 745 1396 dispertiuntur.

273 1406 383 1444 XIX.
413 1406 581 1444 Piscium
620 1421 746 1458 genus
784 1421 900 1445 omne
939 1410 1151 1458 praecipua
1188 1408 1394 1446 celeritate

221 1468 425 1513 adolescit,
438 1471 611 1505 maxime
625 1471 664 1505 in
680 1468 807 1506 Ponto
821 1482 830 1512 ;
857 1483 976 1506 causa
988 1469 1204 1507 multitudo
1218 1473 1393 1507 amnium

221 1529 355 1566 dulces
403 1530 660 1567 inferentium
709 1544 844 1581 aquas.
899 1533 1044 1567 amiam
1093 1537 1236 1568 vocant
1282 1534 1392 1568 cuius

221 1592 510 1628 incrementum
564 1591 740 1642 singulus
794 1592 935 1629 diebus
988 1591 1247 1643 intellegitur.
1302 1606 1391 1629 cum

220 1651 382 1702 thynnis
411 1652 509 1690 haec
538 1659 579 1690 et
607 1653 839 1703 pelamydes
868 1656 908 1690 in
938 1652 1109 1690 Pontum
1139 1654 1189 1691 ad
1217 1653 1392 1691 dulciora

219 1713 365 1763 pabula
397 1716 548 1751 intrant
579 1717 777 1765 gregatim
811 1717 889 1752 suis
921 1728 1105 1765 quaeque
1138 1714 1318 1760 ducibus,
1349 1720 1392 1752 et

319 1824 331 1843 ¹
354 1824 551 1855 Hardoain:
579 1835 667 1856 vero.
795 1826 808 1844 ²
830 1825 1096 1865 exquisitissima
1113 1825 1303 1858 Gronovius.

368 1948 382 1962 ⁰
406 1944 463 1975 Le.
482 1945 657 1981 caeruleus,
675 1945 682 1956 ‘
698 1943 918 1975 blue-worm.'
1088 1944 1100 1964 ὓ
1123 1943 1232 1985 πηλός.

393 1990 403 2004 ⁶
428 1986 483 2022 Or,
500 1986 678 2027 emending
694 1987 752 2018 the
768 1990 854 2023 text,
873 1987 880 1999 ‘
896 1990 985 2018 most
1001 1987 1033 2018 in
1050 1986 1220 2018 demand)

221 2062 288 2097 194
