1482 2312
422 147 609 185 PLINY:
659 147 921 185 NATURAL
956 147 1189 185 HISTORY

220 252 334 300 primi
355 251 529 286 omniurn
549 251 731 293 scombri,
752 250 893 299 quibus
915 255 976 286 est
997 251 1037 285 in
1059 262 1161 299 aqua
1181 248 1387 299 sulpureus

220 308 337 352 color,
352 313 465 345 extra
479 310 543 358 qui
558 310 713 345 ceteris.
769 308 985 358 Hispaniae
1001 310 1168 344 cetarias
1181 306 1220 343 hi
1235 307 1391 357 replent

220 366 382 417 thynnis
401 380 478 403 non
495 367 821 403 commeantibus.

153 432 196 462 50
274 425 361 462 XX.
391 424 469 462 Sed
499 427 538 461 in
568 423 739 461 Pontum
770 424 875 461 nulla
906 427 1030 460 intrat
1064 425 1193 460 bestia
1221 424 1391 474 piscibus

221 483 400 520 malefica
420 489 580 533 praeter
601 483 743 520 vitulos
765 489 805 519 et
826 496 968 533 parvos
990 481 1208 532 delphinos.
1249 481 1390 532 thynni

221 541 390 579 dextera
407 544 491 591 ripa
505 543 671 586 intrant,
687 547 837 577 exeunt
852 540 989 583 laeva;
1016 540 1055 577 id
1076 540 1255 577 accidere
1272 542 1392 577 exist-

220 602 366 636 imatur
382 603 474 649 quia
489 599 631 636 dextro
645 599 757 635 oculo
770 599 856 649 plus
870 604 1052 643 cernant,
1066 605 1235 648 utroque
1250 604 1392 635 natura

220 657 370 695 hebeti.
425 663 486 696 est
504 660 544 694 in
564 660 700 708 euripo
723 657 878 694 Thracii
902 657 1065 707 Bospori
1086 670 1164 706 quo
1184 655 1391 706 Propontis

221 716 376 753 Euxino
406 718 582 766 iungitur
610 719 650 752 in
678 719 770 766 ipsis
800 716 1002 766 Europam
1033 716 1250 764 Asiamque
1280 727 1390 765 sepa-

216 777 338 811 rantis
368 774 459 811 freti
491 777 683 825 angustiis
721 788 861 811 saxum
894 777 980 810 miri
1021 774 1200 810 candoris
1239 787 1262 810 a
1291 772 1391 810 vado

221 833 272 870 ad
300 846 453 870 summa
482 832 703 883 perlucens,
733 835 844 869 iuxta
874 832 1167 869 Chalcedonem
1197 834 1236 868 in
1266 831 1391 868 latere

154 897 192 928 51
221 892 353 928 Asiae.
408 890 522 928 huius
546 897 710 941 aspectu
733 896 899 941 repente
922 893 1050 927 territi
1074 903 1231 940 semper
1254 889 1391 926 adver·

221 962 307 986 sum
327 949 508 1000 Byzantii
529 952 847 1000 promunturium
868 962 917 986 ex
939 962 986 985 ea
1006 962 1124 985 causa
1144 947 1390 998 appellatum

222 1009 343 1044 Aurei
389 1008 538 1044 Cornus
584 1010 789 1058 praecipiti
835 1013 981 1057 petunt
1026 1009 1196 1057 agmine.
1251 1008 1387 1056 itaque

223 1069 347 1103 omnis
392 1072 558 1117 captura
603 1065 784 1116 Byzantii
831 1071 893 1103 est
938 1079 1084 1116 magna
1130 1064 1388 1102 Chalcedonis

222 1127 425 1175 paenuria,
469 1138 498 1162 M
548 1125 726 1175 passibus
774 1124 893 1161 medii
942 1123 1206 1161 interfluentis
1250 1125 1387 1173 euripi.

222 1186 482 1234 opperiuntur
495 1189 631 1220 autem
646 1183 838 1233 aquilonis
852 1182 1006 1227 flatum,
1020 1188 1064 1219 ut
1077 1181 1251 1219 secundo
1267 1181 1390 1218 fluctu

223 1248 369 1279 exeant
394 1256 415 1279 e
442 1241 583 1286 Ponto,
604 1255 676 1279 nec
701 1244 774 1278 nisi
790 1241 805 1264 ¹
831 1244 1027 1279 intrantes
1052 1247 1212 1291 portum
1237 1240 1388 1290 Byzan-

221 1303 322 1337 tium
347 1303 568 1350 capiuntur.
624 1301 764 1337 bruma
789 1313 867 1337 non
893 1304 1110 1350 vagantur:
1150 1300 1390 1348 ubicumque

221 1358 471 1409 deprehensi,
523 1372 644 1409 usque
693 1358 743 1395 ad
792 1360 1088 1408 aequinoctium
1136 1358 1188 1394 ibi
1232 1356 1389 1393 hibern-

222 1423 302 1454 ant.
366 1417 473 1454 idem
499 1431 618 1468 saepe
655 1419 812 1467 navigia
849 1416 942 1453 velis
980 1418 1117 1453 euntia
1152 1417 1390 1452 comitantes

222 1479 320 1512 mira
379 1476 551 1526 quadam
606 1475 814 1512 dulcedine
874 1488 945 1526 per
1002 1474 1152 1524 aliquot
1207 1473 1390 1510 horarum

221 1537 350 1585 spatia
380 1541 421 1571 et
449 1548 636 1585 passuum
665 1534 773 1571 milia
802 1547 824 1570 a
853 1533 1131 1584 gubernaculis
1161 1538 1393 1582 spectantur

223 1606 274 1630 ne
312 1593 489 1630 tridente
529 1593 689 1643 quidem
728 1595 767 1629 in
807 1606 872 1629 eos
912 1595 1069 1642 saepius
1107 1593 1211 1628 iacto
1249 1593 1390 1628 territi.

227 1651 388 1702 quidam
429 1665 494 1690 eos
535 1655 600 1702 qui
640 1651 713 1688 hoc
752 1665 773 1688 e
812 1650 974 1701 thynnis
1014 1649 1162 1687 saciant
1200 1648 1392 1700 pompilos

162 1715 203 1746 52
223 1716 377 1748 vocant.
433 1710 546 1748 multi
570 1712 610 1747 in
634 1709 874 1760 Propontide
894 1711 1106 1752 aestivant,
1125 1707 1296 1745 Pontum
1314 1721 1390 1744 non

381 1815 392 1833 1
417 1813 499 1844 Edd.
517 1813 581 1844 nisi
598 1813 790 1852 (infantes)
808 1813 854 1843 vel
871 1812 1012 1853 (parvi)
1032 1810 1084 1842 vel
1100 1810 1267 1852 (pusilli).

267 1937 282 1952 ⁶
307 1931 475 1973 Probably
491 1932 549 1963 the
564 1935 640 1963 text
654 1932 681 1962 is
695 1935 732 1962 to
747 1931 789 1962 be
803 1930 931 1962 altered
947 1933 982 1961 to
997 1930 1073 1971 give
1089 1929 1096 1941 ‘
1112 1929 1191 1971 only
1206 1929 1264 1960 the
1278 1939 1391 1970 young

224 1976 288 2050 {13⁷8
290 1974 499 2049 grgsstakenss
519 1978 556 2006 to
577 1973 729 2006 conform
750 1973 830 2005 with
855 1973 955 2004 Arist.
978 1973 1068 2004 Hist.
1089 1972 1154 2003 An.
1176 1971 1263 2003 VIII
1287 1972 1336 2009 13,
1357 1982 1389 2013 p.

227 2080 293 2126 196
