1482 2312
129 746 189 777 201

128 1195 191 1226 202

127 1773 191 1804 203

408 126 596 165 PLINY:
646 128 908 165 NATURAL
944 128 1179 165 HISTORY

214 229 492 279 pinguitudine
519 229 782 266 sterilescunt.
837 235 931 266 ante
957 230 1125 266 trimos1
1151 232 1280 267 minus
1305 232 1381 267 uti-

212 293 303 330 liter
322 299 518 342 generant
539 299 580 329 et
600 296 639 328 in
659 298 836 337 senecta,
850 306 922 329 nec
940 293 1044 330 ultra
1064 293 1379 343 quadriennium.

214 359 406 406 incipiunt
436 359 606 406 septimo
636 370 773 393 mense
805 363 845 393 et
876 356 1004 394 adhue
1032 357 1243 394 lactantes.
1297 371 1382 394 mu-

207 421 329 466 tilum
352 423 391 456 in
416 427 585 470 utroque
610 434 707 457 sexu
731 421 878 457 utilius.
933 423 1081 470 primus
1105 424 1144 457 in
1168 421 1232 458 die
1255 424 1382 459 coitus

214 497 292 521 non
330 484 484 534 implet,
522 498 692 534 sequens
731 485 925 521 efficacior
961 498 1007 522 ac
1045 485 1202 522 deinde.
1256 488 1384 523 conci—

214 551 328 598 piunt
350 549 563 585 Novembri
583 562 719 585 mense
742 554 784 585 ut
808 549 956 586 Martio
975 552 1134 598 pariant
1153 555 1383 600 turgescen-

213 613 320 649 tibus
350 613 542 662 virgultis,
566 612 778 662 aliquando
807 613 1027 657 anniculae,
1053 627 1210 663 semper
1237 615 1383 659 bimae,

215 679 287 713 nisi
336 679 480 713 trimae
531 679 594 712 vix
644 677 794 713 utiles.2
847 680 1007 726 pariunt
1056 680 1207 714 octonis
1257 681 1381 715 annis.

213 741 374 777 abortus
419 740 554 790 frigori
601 741 806 777 obnoxius.
876 741 1008 778 oculos
1055 741 1219 779 suffusos
1264 756 1383 792 capra

214 807 317 841 iunci
335 811 486 854 punctu
506 808 699 854 sanguine
720 811 927 850 exonerat,
952 819 1072 855 caper
1097 806 1196 842 rubi.
1251 806 1384 843 soller-

213 871 312 905 tiam
351 872 433 906 eius
467 869 647 905 animalis
683 869 893 906 Mucianus
927 872 1049 906 visam
1087 870 1159 907 sibi
1196 870 1384 920 prodidit,

214 936 254 969 in
289 939 412 982 ponte
448 936 658 982 praetenui
696 934 849 970 duabus
886 934 1009 971 obw‘is
1047 947 1068 971 e
1105 934 1258 971 diverso
1293 948 1383 971 cum

213 999 496 1033 circumactum
521 1000 730 1047 angustiae
755 1011 833 1034 non
857 1004 1047 1047 caperent
1071 1011 1144 1035 nec
1168 1002 1384 1048 reciproca-

213 1064 365 1098 tionem
385 1061 592 1111 longitudo
614 1064 653 1097 in
675 1062 857 1098 exilitate
877 1062 1028 1106 caeca,3
1047 1068 1226 1100 torrente
1246 1063 1384 1113 rapido

213 1128 422 1162 minaciter
454 1125 758 1169 subterfluente,
791 1126 961 1162 alteram
993 1126 1228 1164 decubuisse
1261 1133 1384 1177 atque

211 1192 268 1226 ita
298 1189 466 1226 alteram
484 1190 736 1239 proculcatae
755 1203 1063 1240 supergressam.
1116 1205 1245 1229 mares
1265 1205 1384 1241 quam

213 1257 386 1291 maxime
424 1257 556 1298 simos,
593 1254 720 1304 longis
759 1255 918 1291 auribus
956 1255 1228 1305 infractisque,
1267 1258 1383 1293 armis

214 1332 333 1368 quam
347 1318 599 1355 villosissimis
614 1319 797 1368 probant.
853 1318 1090 1356 feminarum
1105 1323 1384 1370 generositatis

213 1385 366 1432 insigne
390 1383 557 1419 laciniae
584 1383 810 1432 corporibus
839 1397 859 1420 e
886 1386 1037 1420 cervice
1063 1384 1181 1421 binae
1208 1384 1383 1434 depend-

214 1452 350 1490 entes;
384 1460 462 1483 non
483 1447 663 1484 omnibus
689 1460 849 1491 cornua,
868 1448 938 1484 sed
965 1448 1106 1497 quibus
1127 1454 1233 1492 sunt,
1259 1451 1298 1484 in
1324 1448 1382 1485 his

214 1516 256 1547 et
307 1511 450 1547 indicia
502 1524 694 1547 annorum
747 1524 818 1560 per
869 1515 1116 1549 incrementa
1167 1512 1382 1556 nodorum3

208 1575 356 1612 mutilis
389 1575 502 1611 lactis
537 1578 661 1612 maior
695 1575 878 1619 ubertas;
927 1576 1085 1613 auribus
1120 1589 1186 1613 eas
1221 1579 1382 1626 spirare,

213 1652 291 1676 non
324 1639 498 1683 naribus,
531 1652 603 1676 nec
638 1653 828 1689 umquam
861 1639 962 1676 febri
995 1653 1130 1677 carere
1164 1640 1381 1678 Archelaus

213 1709 350 1740 auctor
384 1709 466 1747 est3
511 1703 599 1740 ideo
629 1703 806 1741 fortassis
836 1707 967 1741 anima
1001 1703 1059 1741 his
1095 1718 1213 1754 quam
1245 1705 1381 1742 ovibus

212 1767 413 1804 ardentior
465 1767 752 1817 calidioresque
807 1769 1051 1805 concubitus.
1119 1769 1283 1806 tradunt
1340 1775 1381 1806 et

212 1837 332 1868 noctu
364 1845 443 1868 non
475 1835 603 1868 minus
635 1845 797 1868 cernere
831 1846 950 1882 quam
983 1832 1170 1876 interdiu,
1203 1838 1244 1870 et
1277 1832 1381 1878 ideo,

420 1907 429 1925 ¹
454 1910 533 1937 ante
549 1907 657 1937 trinos
672 1909 804 1938 annos?
823 1907 863 1938 M
865 1907 984 1947 aylzoff.

417 1949 429 1967 ²
453 1949 608 1989 Mayhoff
618 1950 632 1979 ?
649 1962 655 1980 :
682 1950 803 1985 bimae,
822 1950 856 1981 in
872 1950 1016 1982 trimatu
1033 1949 1180 1982 inutiles.

417 1992 429 2011 ³
452 1994 612 2024 caecam?
629 1992 806 2025 Raclclzmn.

213 2050 279 2083 140
