<?xml version="1.0" encoding="UTF-8"?>
<!DOCTYPE html PUBLIC "-//W3C//DTD XHTML 1.0 Transitional//EN"
    "http://www.w3.org/TR/xhtml1/DTD/xhtml1-transitional.dtd">
<html xmlns="http://www.w3.org/1999/xhtml" xml:lang="en" lang="en">
 <head>
  <title>
</title>
<meta http-equiv="Content-Type" content="text/html;charset=utf-8" />
  <meta name='ocr-system' content='tesseract 3.04.00' />
  <meta name='ocr-capabilities' content='ocr_page ocr_carea ocr_par ocr_line ocrx_word'/>
</head>
<body>
  <div class='ocr_page' id='page_1' title='image "./naturalhistory03plinuoft/naturalhistory03plinuoft_0578.png"; bbox 0 0 1482 2312; ppageno 0'>
   <div class='ocr_carea' id='block_1_1' title="bbox 136 247 198 279">
    <p class='ocr_par' dir='ltr' id='par_1_1' title="bbox 136 247 198 279">
     <span class='ocr_line' id='line_1_1' title="bbox 136 247 198 279; baseline 0 -1"><span class='ocrx_word' id='word_1_1' title='bbox 136 247 198 279; x_wconf 83' lang='lat'><strong>206</strong></span> 
     </span>
    </p>
   </div>
   <div class='ocr_carea' id='block_1_2' title="bbox 140 885 201 916">
    <p class='ocr_par' dir='ltr' id='par_1_2' title="bbox 140 885 201 916">
     <span class='ocr_line' id='line_1_2' title="bbox 140 885 201 916; baseline 0.033 -2"><span class='ocrx_word' id='word_1_2' title='bbox 140 885 201 916; x_wconf 77' lang='lat'><strong>207</strong></span> 
     </span>
    </p>
   </div>
   <div class='ocr_carea' id='block_1_3' title="bbox 138 1258 201 1289">
    <p class='ocr_par' dir='ltr' id='par_1_3' title="bbox 138 1258 201 1289">
     <span class='ocr_line' id='line_1_3' title="bbox 138 1258 201 1289; baseline 0.032 -2"><span class='ocrx_word' id='word_1_3' title='bbox 138 1258 201 1289; x_wconf 82' lang='lat'><strong>208</strong></span> 
     </span>
    </p>
   </div>
   <div class='ocr_carea' id='block_1_4' title="bbox 272 135 1391 291">
    <p class='ocr_par' dir='ltr' id='par_1_4' title="bbox 272 135 1391 291">
     <span class='ocr_line' id='line_1_4' title="bbox 419 135 1193 175; baseline 0 -1"><span class='ocrx_word' id='word_1_4' title='bbox 419 137 608 175; x_wconf 87' lang='lat' dir='ltr'>PLINY:</span> <span class='ocrx_word' id='word_1_5' title='bbox 659 136 922 175; x_wconf 86' lang='lat' dir='ltr'>NATURAL</span> <span class='ocrx_word' id='word_1_6' title='bbox 959 135 1193 175; x_wconf 90' lang='lat' dir='ltr'>HISTORY</span> 
     </span>
     <span class='ocr_line' id='line_1_5' title="bbox 272 239 1391 291; baseline 0 -13"><span class='ocrx_word' id='word_1_7' title='bbox 272 241 454 278; x_wconf 91' lang='lat' dir='ltr'>LXXXI.</span> <span class='ocrx_word' id='word_1_8' title='bbox 494 240 654 278; x_wconf 90' lang='lat' dir='ltr'><strong>Renes1</strong></span> <span class='ocrx_word' id='word_1_9' title='bbox 704 239 854 278; x_wconf 85' lang='lat' dir='ltr'><strong>habent</strong></span> <span class='ocrx_word' id='word_1_10' title='bbox 914 242 1045 277; x_wconf 82' lang='lat' dir='ltr'><strong>omnia</strong></span> <span class='ocrx_word' id='word_1_11' title='bbox 1105 240 1391 291; x_wconf 86' lang='lat' dir='ltr'>quadripedum</span> 
     </span>
    </p>
   </div>
   <div class='ocr_carea' id='block_1_5' title="bbox 224 293 1396 1729">
    <p class='ocr_par' dir='ltr' id='par_1_5' title="bbox 224 293 1395 877">
     <span class='ocr_line' id='line_1_6' title="bbox 224 293 1392 346; baseline -0.002 -14"><span class='ocrx_word' id='word_1_12' title='bbox 224 308 325 345; x_wconf 89' lang='lat' dir='ltr'><strong>quae</strong></span> <span class='ocrx_word' id='word_1_13' title='bbox 346 294 491 331; x_wconf 89' lang='lat' dir='ltr'><strong>animal</strong></span> <span class='ocrx_word' id='word_1_14' title='bbox 516 299 725 346; x_wconf 85' lang='lat' dir='ltr'><strong>generant,</strong></span> <span class='ocrx_word' id='word_1_15' title='bbox 747 307 821 330; x_wconf 88' lang='lat' dir='ltr'><strong>ova</strong></span> <span class='ocrx_word' id='word_1_16' title='bbox 845 295 1085 343; x_wconf 87' lang='lat' dir='ltr'><strong>parientium</strong></span> <span class='ocrx_word' id='word_1_17' title='bbox 1110 294 1271 331; x_wconf 87' lang='lat' dir='ltr'><strong>testudo</strong></span> <span class='ocrx_word' id='word_1_18' title='bbox 1297 293 1392 338; x_wconf 89' lang='lat' dir='ltr'><strong>sola,</strong></span> 
     </span>
     <span class='ocr_line' id='line_1_7' title="bbox 225 345 1391 398; baseline -0.002 -13"><span class='ocrx_word' id='word_1_19' title='bbox 225 361 326 398; x_wconf 82' lang='lat' dir='ltr'><strong>quae</strong></span> <span class='ocrx_word' id='word_1_20' title='bbox 360 354 401 385; x_wconf 95' lang='lat' dir='ltr'><strong>et</strong></span> <span class='ocrx_word' id='word_1_21' title='bbox 435 347 511 384; x_wconf 90' lang='lat' dir='ltr'><strong>alia</strong></span> <span class='ocrx_word' id='word_1_22' title='bbox 544 350 675 384; x_wconf 85' lang='lat' dir='ltr'><strong>omnia</strong></span> <span class='ocrx_word' id='word_1_23' title='bbox 707 349 870 391; x_wconf 89' lang='lat' dir='ltr'><strong>viscera,</strong></span> <span class='ocrx_word' id='word_1_24' title='bbox 904 346 974 384; x_wconf 90' lang='lat' dir='ltr'><strong>sed</strong></span> <span class='ocrx_word' id='word_1_25' title='bbox 1007 352 1053 383; x_wconf 84' lang='lat' dir='ltr'><strong>ut</strong></span> <span class='ocrx_word' id='word_1_26' title='bbox 1084 345 1202 383; x_wconf 90' lang='lat' dir='ltr'><strong>homo</strong></span> <span class='ocrx_word' id='word_1_27' title='bbox 1234 347 1391 384; x_wconf 82' lang='lat' dir='ltr'><strong>bubulis</strong></span> 
     </span>
     <span class='ocr_line' id='line_1_8' title="bbox 224 399 1389 450; baseline -0.002 -12"><span class='ocrx_word' id='word_1_28' title='bbox 224 400 368 438; x_wconf 86' lang='lat' dir='ltr'><strong>similes</strong></span> <span class='ocrx_word' id='word_1_29' title='bbox 402 401 511 438; x_wconf 82' lang='lat' dir='ltr'><strong>velut</strong></span> <span class='ocrx_word' id='word_1_30' title='bbox 548 413 570 437; x_wconf 91' lang='lat' dir='ltr'><strong>e</strong></span> <span class='ocrx_word' id='word_1_31' title='bbox 608 399 742 437; x_wconf 92' lang='lat' dir='ltr'><strong>multis</strong></span> <span class='ocrx_word' id='word_1_32' title='bbox 781 401 940 437; x_wconf 85' lang='lat' dir='ltr'>renibus</span> <span class='ocrx_word' id='word_1_33' title='bbox 973 402 1221 450; x_wconf 87' lang='lat' dir='ltr'><strong>compositos.</strong></span> <span class='ocrx_word' id='word_1_34' title='bbox 1276 405 1319 437; x_wconf 87' lang='lat' dir='ltr'><strong>at</strong></span> <span class='ocrx_word' id='word_1_35' title='bbox 1351 402 1389 436; x_wconf 91' lang='lat' dir='ltr'><strong>in</strong></span> 
     </span>
     <span class='ocr_line' id='line_1_9' title="bbox 224 453 1391 503; baseline -0.001 -13"><span class='ocrx_word' id='word_1_36' title='bbox 224 454 371 491; x_wconf 79' lang='lat' dir='ltr'><strong>Brileto</strong></span> <span class='ocrx_word' id='word_1_37' title='bbox 413 460 454 491; x_wconf 94' lang='lat' dir='ltr'><strong>et</strong></span> <span class='ocrx_word' id='word_1_38' title='bbox 493 453 649 490; x_wconf 83' lang='lat' dir='ltr'><strong>Tharne</strong></span> <span class='ocrx_word' id='word_1_39' title='bbox 690 455 872 503; x_wconf 82' lang='lat' dir='ltr'><strong>quaterni</strong></span> <span class='ocrx_word' id='word_1_40' title='bbox 923 465 1038 490; x_wconf 88' lang='lat' dir='ltr'><strong>renes</strong></span> <span class='ocrx_word' id='word_1_41' title='bbox 1078 455 1214 497; x_wconf 83' lang='lat' dir='ltr'><strong>cervis,</strong></span> <span class='ocrx_word' id='word_1_42' title='bbox 1254 458 1391 490; x_wconf 87' lang='lat' dir='ltr'><strong>contra</strong></span> 
     </span>
     <span class='ocr_line' id='line_1_10' title="bbox 224 505 1393 558; baseline -0.001 -14"><span class='ocrx_word' id='word_1_43' title='bbox 224 509 397 558; x_wconf 75' lang='lat' dir='ltr'>pinnatis</span> <span class='ocrx_word' id='word_1_44' title='bbox 441 509 739 556; x_wconf 83' lang='lat' dir='ltr'>squamosisque</span> <span class='ocrx_word' id='word_1_45' title='bbox 786 505 894 543; x_wconf 84' lang='lat' dir='ltr'><strong>nulli.</strong></span> <span class='ocrx_word' id='word_1_46' title='bbox 959 505 1010 543; x_wconf 92' lang='lat' dir='ltr'><strong>de</strong></span> <span class='ocrx_word' id='word_1_47' title='bbox 1054 511 1188 543; x_wconf 87' lang='lat' dir='ltr'><strong>cetero</strong></span> <span class='ocrx_word' id='word_1_48' title='bbox 1232 508 1393 543; x_wconf 83' lang='lat' dir='ltr'><strong>summis</strong></span> 
     </span>
     <span class='ocr_line' id='line_1_11' title="bbox 224 559 1393 597; baseline -0.001 0"><span class='ocrx_word' id='word_1_49' title='bbox 224 560 444 597; x_wconf 86' lang='lat' dir='ltr'><strong>adhaerent</strong></span> <span class='ocrx_word' id='word_1_50' title='bbox 465 560 619 597; x_wconf 84' lang='lat' dir='ltr'><strong>lumbis.</strong></span> <span class='ocrx_word' id='word_1_51' title='bbox 675 560 818 597; x_wconf 80' lang='lat' dir='ltr'><strong>dexter</strong></span> <span class='ocrx_word' id='word_1_52' title='bbox 839 560 1019 596; x_wconf 89' lang='lat' dir='ltr'><strong>omnibus</strong></span> <span class='ocrx_word' id='word_1_53' title='bbox 1042 559 1181 596; x_wconf 91' lang='lat' dir='ltr'><strong>elatior</strong></span> <span class='ocrx_word' id='word_1_54' title='bbox 1203 565 1244 596; x_wconf 87' lang='lat' dir='ltr'><strong>et</strong></span> <span class='ocrx_word' id='word_1_55' title='bbox 1265 561 1393 596; x_wconf 90' lang='lat' dir='ltr'><strong>minus</strong></span> 
     </span>
     <span class='ocr_line' id='line_1_12' title="bbox 224 612 1393 664; baseline 0 -14"><span class='ocrx_word' id='word_1_56' title='bbox 224 616 381 664; x_wconf 86' lang='lat' dir='ltr'><strong>pinguis</strong></span> <span class='ocrx_word' id='word_1_57' title='bbox 422 616 661 663; x_wconf 81' lang='lat' dir='ltr'><strong>sicciorque3</strong></span> <span class='ocrx_word' id='word_1_58' title='bbox 717 615 875 663; x_wconf 87' lang='lat' dir='ltr'><strong>utrique</strong></span> <span class='ocrx_word' id='word_1_59' title='bbox 917 618 1053 649; x_wconf 88' lang='lat' dir='ltr'><strong>autem</strong></span> <span class='ocrx_word' id='word_1_60' title='bbox 1093 612 1330 663; x_wconf 77' lang='lat' dir='ltr'>pinguitudo</span> <span class='ocrx_word' id='word_1_61' title='bbox 1371 626 1393 650; x_wconf 92' lang='lat' dir='ltr'><strong>e</strong></span> 
     </span>
     <span class='ocr_line' id='line_1_13' title="bbox 225 665 1394 717; baseline -0.002 -13"><span class='ocrx_word' id='word_1_62' title='bbox 225 667 357 704; x_wconf 89' lang='lat' dir='ltr'><strong>medio</strong></span> <span class='ocrx_word' id='word_1_63' title='bbox 379 669 463 704; x_wconf 86' lang='lat' dir='ltr'><strong>exit</strong></span> <span class='ocrx_word' id='word_1_64' title='bbox 483 673 765 717; x_wconf 80' lang='lat' dir='ltr'><strong>praeterquam</strong></span> <span class='ocrx_word' id='word_1_65' title='bbox 786 668 826 702; x_wconf 94' lang='lat' dir='ltr'><strong>in</strong></span> <span class='ocrx_word' id='word_1_66' title='bbox 848 665 970 703; x_wconf 87' lang='lat' dir='ltr'><strong>vitulo</strong></span> <span class='ocrx_word' id='word_1_67' title='bbox 992 668 1154 703; x_wconf 90' lang='lat' dir='ltr'><strong>marino.</strong></span> <span class='ocrx_word' id='word_1_68' title='bbox 1210 665 1394 702; x_wconf 82' lang='lat' dir='ltr'><strong>animalia</strong></span> 
     </span>
     <span class='ocr_line' id='line_1_14' title="bbox 225 718 1394 771; baseline -0.002 -14"><span class='ocrx_word' id='word_1_69' title='bbox 225 722 264 757; x_wconf 90' lang='lat' dir='ltr'><strong>in</strong></span> <span class='ocrx_word' id='word_1_70' title='bbox 285 721 444 757; x_wconf 88' lang='lat' dir='ltr'><strong>renibus</strong></span> <span class='ocrx_word' id='word_1_71' title='bbox 465 722 736 771; x_wconf 87' lang='lat' dir='ltr'><strong>pinguissima,</strong></span> <span class='ocrx_word' id='word_1_72' title='bbox 758 732 849 756; x_wconf 91' lang='lat' dir='ltr'><strong>oves</strong></span> <span class='ocrx_word' id='word_1_73' title='bbox 872 719 1033 769; x_wconf 91' lang='lat' dir='ltr'><strong>quidem</strong></span> <span class='ocrx_word' id='word_1_74' title='bbox 1054 718 1228 756; x_wconf 86' lang='lat' dir='ltr'><strong>letaliter</strong></span> <span class='ocrx_word' id='word_1_75' title='bbox 1248 721 1394 756; x_wconf 87' lang='lat' dir='ltr'><strong>circum</strong></span> 
     </span>
     <span class='ocr_line' id='line_1_15' title="bbox 226 772 1395 824; baseline 0.001 -16"><span class='ocrx_word' id='word_1_76' title='bbox 226 785 292 809; x_wconf 89' lang='lat' dir='ltr'><strong>eos</strong></span> <span class='ocrx_word' id='word_1_77' title='bbox 329 779 512 810; x_wconf 90' lang='lat' dir='ltr'><strong>concreto</strong></span> <span class='ocrx_word' id='word_1_78' title='bbox 544 775 693 824; x_wconf 86' lang='lat' dir='ltr'><strong>pingui.</strong></span> <span class='ocrx_word' id='word_1_79' title='bbox 748 772 959 822; x_wconf 90' lang='lat' dir='ltr'><strong>aliquando</strong></span> <span class='ocrx_word' id='word_1_80' title='bbox 992 774 1032 808; x_wconf 91' lang='lat' dir='ltr'><strong>in</strong></span> <span class='ocrx_word' id='word_1_81' title='bbox 1063 774 1109 809; x_wconf 91' lang='lat' dir='ltr'><strong>iis</strong></span> <span class='ocrx_word' id='word_1_82' title='bbox 1142 774 1395 809; x_wconf 87' lang='lat' dir='ltr'><strong>inveniuntur</strong></span> 
     </span>
     <span class='ocr_line' id='line_1_16' title="bbox 226 825 357 877; baseline 0.008 -15"><span class='ocrx_word' id='word_1_83' title='bbox 226 825 357 877; x_wconf 77' lang='lat' dir='ltr'><strong>lapilli.</strong></span> 
     </span>
    </p>

    <p class='ocr_par' dir='ltr' id='par_1_6' title="bbox 224 878 1396 1250">
     <span class='ocr_line' id='line_1_17' title="bbox 277 878 1395 929; baseline -0.001 -13"><span class='ocrx_word' id='word_1_84' title='bbox 277 879 483 916; x_wconf 87' lang='lat' dir='ltr'>LXXXII.</span> <span class='ocrx_word' id='word_1_85' title='bbox 516 878 674 923; x_wconf 83' lang='lat' dir='ltr'><strong>Pectus,</strong></span> <span class='ocrx_word' id='word_1_86' title='bbox 715 878 789 916; x_wconf 90' lang='lat' dir='ltr'><strong>hoc</strong></span> <span class='ocrx_word' id='word_1_87' title='bbox 831 885 892 916; x_wconf 86' lang='lat' dir='ltr'><strong>est</strong></span> <span class='ocrx_word' id='word_1_88' title='bbox 933 892 1033 923; x_wconf 86' lang='lat' dir='ltr'><strong>ossa,</strong></span> <span class='ocrx_word' id='word_1_89' title='bbox 1074 878 1312 929; x_wconf 86' lang='lat' dir='ltr'><strong>praecordiis</strong></span> <span class='ocrx_word' id='word_1_90' title='bbox 1353 885 1395 916; x_wconf 90' lang='lat' dir='ltr'><strong>et</strong></span> 
     </span>
     <span class='ocr_line' id='line_1_18' title="bbox 225 932 1394 982; baseline -0.001 -12"><span class='ocrx_word' id='word_1_91' title='bbox 225 933 408 970; x_wconf 85' lang='lat' dir='ltr'><strong>vitalibus</strong></span> <span class='ocrx_word' id='word_1_92' title='bbox 426 938 569 970; x_wconf 85' lang='lat' dir='ltr'><strong>natura</strong></span> <span class='ocrx_word' id='word_1_93' title='bbox 585 932 861 976; x_wconf 84' lang='lat' dir='ltr'><strong>circumdedit,</strong></span> <span class='ocrx_word' id='word_1_94' title='bbox 878 938 920 969; x_wconf 85' lang='lat' dir='ltr'><strong>at</strong></span> <span class='ocrx_word' id='word_1_95' title='bbox 937 934 1080 976; x_wconf 89' lang='lat' dir='ltr'><strong>ventri,</strong></span> <span class='ocrx_word' id='word_1_96' title='bbox 1098 945 1217 982; x_wconf 88' lang='lat' dir='ltr'><strong>quem</strong></span> <span class='ocrx_word' id='word_1_97' title='bbox 1233 945 1394 970; x_wconf 90' lang='lat' dir='ltr'><strong>necesse</strong></span> 
     </span>
     <span class='ocr_line' id='line_1_19' title="bbox 226 984 1396 1030; baseline -0.001 -7"><span class='ocrx_word' id='word_1_98' title='bbox 226 992 312 1023; x_wconf 86' lang='lat' dir='ltr'><strong>erat</strong></span> <span class='ocrx_word' id='word_1_99' title='bbox 360 988 591 1030; x_wconf 85' lang='lat' dir='ltr'><strong>increscere,</strong></span> <span class='ocrx_word' id='word_1_100' title='bbox 639 986 811 1029; x_wconf 82' lang='lat' dir='ltr'><strong>ademit3</strong></span> <span class='ocrx_word' id='word_1_101' title='bbox 874 984 969 1022; x_wconf 89' lang='lat' dir='ltr'><strong>nulli</strong></span> <span class='ocrx_word' id='word_1_102' title='bbox 1017 985 1246 1022; x_wconf 85' lang='lat' dir='ltr'><strong>animalium</strong></span> <span class='ocrx_word' id='word_1_103' title='bbox 1292 988 1396 1023; x_wconf 86' lang='lat' dir='ltr'><strong>cirea</strong></span> 
     </span>
     <span class='ocr_line' id='line_1_20' title="bbox 225 1038 1395 1090; baseline 0 -14"><span class='ocrx_word' id='word_1_104' title='bbox 225 1045 406 1076; x_wconf 89' lang='lat' dir='ltr'><strong>ventrem</strong></span> <span class='ocrx_word' id='word_1_105' title='bbox 424 1053 522 1077; x_wconf 86' lang='lat' dir='ltr'><strong>ossa.</strong></span> <span class='ocrx_word' id='word_1_106' title='bbox 578 1045 717 1090; x_wconf 86' lang='lat' dir='ltr'><strong>pectus</strong></span> <span class='ocrx_word' id='word_1_107' title='bbox 735 1039 883 1076; x_wconf 90' lang='lat' dir='ltr'><strong>homini</strong></span> <span class='ocrx_word' id='word_1_108' title='bbox 901 1044 1060 1076; x_wconf 83' lang='lat' dir='ltr'><strong>tantum</strong></span> <span class='ocrx_word' id='word_1_109' title='bbox 1078 1038 1218 1083; x_wconf 83' lang='lat' dir='ltr'><strong>latum,</strong></span> <span class='ocrx_word' id='word_1_110' title='bbox 1235 1038 1395 1090; x_wconf 86' lang='lat' dir='ltr'><strong>reliquis</strong></span> 
     </span>
     <span class='ocr_line' id='line_1_21' title="bbox 224 1092 1395 1143; baseline -0.001 -13"><span class='ocrx_word' id='word_1_111' title='bbox 224 1095 459 1137; x_wconf 85' lang='lat' dir='ltr'><strong>carinatum,</strong></span> <span class='ocrx_word' id='word_1_112' title='bbox 490 1092 710 1129; x_wconf 84' lang='lat' dir='ltr'><strong>volucribus</strong></span> <span class='ocrx_word' id='word_1_113' title='bbox 740 1095 867 1143; x_wconf 84' lang='lat' dir='ltr'><strong>magis</strong></span> <span class='ocrx_word' id='word_1_114' title='bbox 898 1098 940 1128; x_wconf 91' lang='lat' dir='ltr'><strong>et</strong></span> <span class='ocrx_word' id='word_1_115' title='bbox 969 1094 1074 1129; x_wconf 90' lang='lat' dir='ltr'><strong>inter</strong></span> <span class='ocrx_word' id='word_1_116' title='bbox 1105 1105 1170 1129; x_wconf 85' lang='lat' dir='ltr'><strong>eas</strong></span> <span class='ocrx_word' id='word_1_117' title='bbox 1202 1094 1395 1143; x_wconf 85' lang='lat' dir='ltr'><strong>aquaticis</strong></span> 
     </span>
     <span class='ocr_line' id='line_1_22' title="bbox 225 1145 1394 1190; baseline 0 -7"><span class='ocrx_word' id='word_1_118' title='bbox 225 1149 410 1183; x_wconf 88' lang='lat' dir='ltr'><strong>maxime.</strong></span> <span class='ocrx_word' id='word_1_119' title='bbox 465 1152 598 1183; x_wconf 88' lang='lat' dir='ltr'><strong>costae</strong></span> <span class='ocrx_word' id='word_1_120' title='bbox 650 1145 797 1183; x_wconf 88' lang='lat' dir='ltr'><strong>homini</strong></span> <span class='ocrx_word' id='word_1_121' title='bbox 849 1151 1030 1190; x_wconf 88' lang='lat' dir='ltr'><strong>octonae,</strong></span> <span class='ocrx_word' id='word_1_122' title='bbox 1081 1146 1201 1182; x_wconf 89' lang='lat' dir='ltr'><strong>subus</strong></span> <span class='ocrx_word' id='word_1_123' title='bbox 1252 1145 1394 1190; x_wconf 89' lang='lat' dir='ltr'><strong>denae,</strong></span> 
     </span>
     <span class='ocr_line' id='line_1_23' title="bbox 225 1199 927 1250; baseline -0.001 -14"><span class='ocrx_word' id='word_1_124' title='bbox 225 1202 437 1250; x_wconf 87' lang='lat' dir='ltr'><strong>cornigeris</strong></span> <span class='ocrx_word' id='word_1_125' title='bbox 460 1212 547 1244; x_wconf 85' lang='lat' dir='ltr'><strong>x111,</strong></span> <span class='ocrx_word' id='word_1_126' title='bbox 570 1199 819 1249; x_wconf 86' lang='lat' dir='ltr'><strong>serpentibus</strong></span> <span class='ocrx_word' id='word_1_127' title='bbox 842 1211 927 1235; x_wconf 87' lang='lat' dir='ltr'>xxx.</span> 
     </span>
    </p>

    <p class='ocr_par' dir='ltr' id='par_1_7' title="bbox 226 1252 1395 1729">
     <span class='ocr_line' id='line_1_24' title="bbox 277 1252 1394 1302; baseline 0 -13"><span class='ocrx_word' id='word_1_128' title='bbox 277 1253 504 1290; x_wconf 90' lang='lat' dir='ltr'>LXXXIII.</span> <span class='ocrx_word' id='word_1_129' title='bbox 536 1252 643 1289; x_wconf 87' lang='lat' dir='ltr'><strong>Infra</strong></span> <span class='ocrx_word' id='word_1_130' title='bbox 668 1252 799 1289; x_wconf 88' lang='lat' dir='ltr'><strong>alvum</strong></span> <span class='ocrx_word' id='word_1_131' title='bbox 824 1258 885 1289; x_wconf 90' lang='lat' dir='ltr'><strong>est</strong></span> <span class='ocrx_word' id='word_1_132' title='bbox 911 1265 933 1288; x_wconf 87' lang='lat' dir='ltr'><strong>a</strong></span> <span class='ocrx_word' id='word_1_133' title='bbox 957 1254 1086 1302; x_wconf 92' lang='lat' dir='ltr'><strong>priore</strong></span> <span class='ocrx_word' id='word_1_134' title='bbox 1111 1257 1225 1302; x_wconf 86' lang='lat' dir='ltr'><strong>parte</strong></span> <span class='ocrx_word' id='word_1_135' title='bbox 1251 1254 1394 1297; x_wconf 88' lang='lat' dir='ltr'><strong>vesica,</strong></span> 
     </span>
     <span class='ocr_line' id='line_1_25' title="bbox 226 1305 1395 1357; baseline -0.002 -14"><span class='ocrx_word' id='word_1_136' title='bbox 226 1319 327 1356; x_wconf 84' lang='lat' dir='ltr'><strong>quae</strong></span> <span class='ocrx_word' id='word_1_137' title='bbox 355 1305 449 1343; x_wconf 93' lang='lat' dir='ltr'><strong>nulli</strong></span> <span class='ocrx_word' id='word_1_138' title='bbox 476 1319 549 1343; x_wconf 84' lang='lat' dir='ltr'><strong>ova</strong></span> <span class='ocrx_word' id='word_1_139' title='bbox 568 1308 819 1357; x_wconf 84' lang='lat' dir='ltr'><strong>gignentium</strong></span> <span class='ocrx_word' id='word_1_140' title='bbox 843 1311 1003 1356; x_wconf 86' lang='lat' dir='ltr'><strong>praeter</strong></span> <span class='ocrx_word' id='word_1_141' title='bbox 1021 1305 1281 1350; x_wconf 83' lang='lat' dir='ltr'><strong>testudinem,</strong></span> <span class='ocrx_word' id='word_1_142' title='bbox 1300 1305 1395 1343; x_wconf 92' lang='lat' dir='ltr'><strong>nulli</strong></span> 
     </span>
     <span class='ocr_line' id='line_1_26' title="bbox 226 1358 1394 1410; baseline 0 -14"><span class='ocrx_word' id='word_1_143' title='bbox 226 1362 298 1396; x_wconf 88' lang='lat' dir='ltr'><strong>nisi</strong></span> <span class='ocrx_word' id='word_1_144' title='bbox 332 1362 593 1410; x_wconf 85' lang='lat' dir='ltr'><strong>sanguineum</strong></span> <span class='ocrx_word' id='word_1_145' title='bbox 625 1359 854 1409; x_wconf 83' lang='lat' dir='ltr'><strong>pulmonem</strong></span> <span class='ocrx_word' id='word_1_146' title='bbox 887 1358 1065 1402; x_wconf 84' lang='lat' dir='ltr'><strong>habenti,</strong></span> <span class='ocrx_word' id='word_1_147' title='bbox 1098 1358 1193 1395; x_wconf 91' lang='lat' dir='ltr'><strong>nulli</strong></span> <span class='ocrx_word' id='word_1_148' title='bbox 1226 1358 1394 1409; x_wconf 86' lang='lat' dir='ltr'><strong>pedibus</strong></span> 
     </span>
     <span class='ocr_line' id='line_1_27' title="bbox 226 1411 1393 1463; baseline 0 -14"><span class='ocrx_word' id='word_1_149' title='bbox 226 1415 457 1449; x_wconf 88' lang='lat' dir='ltr'><strong>carentium.</strong></span> <span class='ocrx_word' id='word_1_150' title='bbox 512 1415 616 1449; x_wconf 89' lang='lat' dir='ltr'><strong>inter</strong></span> <span class='ocrx_word' id='word_1_151' title='bbox 642 1426 730 1449; x_wconf 86' lang='lat' dir='ltr'><strong>eam</strong></span> <span class='ocrx_word' id='word_1_152' title='bbox 756 1418 798 1449; x_wconf 89' lang='lat' dir='ltr'><strong>et</strong></span> <span class='ocrx_word' id='word_1_153' title='bbox 824 1412 951 1449; x_wconf 85' lang='lat' dir='ltr'><strong>alvom</strong></span> <span class='ocrx_word' id='word_1_154' title='bbox 977 1414 1146 1449; x_wconf 84' lang='lat' dir='ltr'><strong>arteriae</strong></span> <span class='ocrx_word' id='word_1_155' title='bbox 1172 1411 1223 1449; x_wconf 86' lang='lat' dir='ltr'><strong>ad</strong></span> <span class='ocrx_word' id='word_1_156' title='bbox 1246 1413 1393 1463; x_wconf 87' lang='lat' dir='ltr'><strong>pubem</strong></span> 
     </span>
     <span class='ocr_line' id='line_1_28' title="bbox 226 1465 1393 1517; baseline 0 -15"><span class='ocrx_word' id='word_1_157' title='bbox 226 1466 439 1503; x_wconf 87' lang='lat' dir='ltr'><strong>tendentes</strong></span> <span class='ocrx_word' id='word_1_158' title='bbox 484 1479 586 1516; x_wconf 84' lang='lat' dir='ltr'><strong>quae</strong></span> <span class='ocrx_word' id='word_1_159' title='bbox 630 1465 696 1502; x_wconf 90' lang='lat' dir='ltr'><strong>ilia</strong></span> <span class='ocrx_word' id='word_1_160' title='bbox 739 1465 1002 1516; x_wconf 86' lang='lat' dir='ltr'><strong>appellantur.</strong></span> <span class='ocrx_word' id='word_1_161' title='bbox 1056 1468 1097 1502; x_wconf 92' lang='lat' dir='ltr'><strong>in</strong></span> <span class='ocrx_word' id='word_1_162' title='bbox 1140 1468 1270 1502; x_wconf 87' lang='lat' dir='ltr'><strong>vesica</strong></span> <span class='ocrx_word' id='word_1_163' title='bbox 1312 1465 1393 1517; x_wconf 93' lang='lat' dir='ltr'><strong>lupi</strong></span> 
     </span>
     <span class='ocr_line' id='line_1_29' title="bbox 227 1518 1395 1570; baseline -0.001 -14"><span class='ocrx_word' id='word_1_164' title='bbox 227 1519 378 1570; x_wconf 85' lang='lat' dir='ltr'><strong>lapillus</strong></span> <span class='ocrx_word' id='word_1_165' title='bbox 413 1522 479 1569; x_wconf 91' lang='lat' dir='ltr'><strong>qui</strong></span> <span class='ocrx_word' id='word_1_166' title='bbox 513 1522 655 1568; x_wconf 82' lang='lat' dir='ltr'><strong>syrites</strong></span> <span class='ocrx_word' id='word_1_167' title='bbox 688 1525 869 1562; x_wconf 61' lang='lat' dir='ltr'><strong>vocatum</strong></span> <span class='ocrx_word' id='word_1_168' title='bbox 909 1519 979 1556; x_wconf 87' lang='lat' dir='ltr'><strong>sed</strong></span> <span class='ocrx_word' id='word_1_169' title='bbox 1008 1521 1049 1555; x_wconf 90' lang='lat' dir='ltr'><strong>in</strong></span> <span class='ocrx_word' id='word_1_170' title='bbox 1077 1518 1282 1556; x_wconf 89' lang='lat' dir='ltr'><strong>hominum</strong></span> <span class='ocrx_word' id='word_1_171' title='bbox 1312 1521 1395 1569; x_wconf 92' lang='lat' dir='ltr'><strong>qui-</strong></span> 
     </span>
     <span class='ocr_line' id='line_1_30' title="bbox 226 1572 1395 1610; baseline 0 -1"><span class='ocrx_word' id='word_1_172' title='bbox 226 1573 393 1609; x_wconf 86' lang='lat' dir='ltr'><strong>busdam</strong></span> <span class='ocrx_word' id='word_1_173' title='bbox 427 1573 511 1610; x_wconf 93' lang='lat' dir='ltr'><strong>diro</strong></span> <span class='ocrx_word' id='word_1_174' title='bbox 544 1575 720 1610; x_wconf 89' lang='lat' dir='ltr'><strong>cruciatu</strong></span> <span class='ocrx_word' id='word_1_175' title='bbox 753 1572 919 1609; x_wconf 89' lang='lat' dir='ltr'><strong>subinde</strong></span> <span class='ocrx_word' id='word_1_176' title='bbox 948 1577 1157 1609; x_wconf 88' lang='lat' dir='ltr'><strong>nascentes</strong></span> <span class='ocrx_word' id='word_1_177' title='bbox 1187 1572 1325 1609; x_wconf 86' lang='lat' dir='ltr'><strong>calculi</strong></span> <span class='ocrx_word' id='word_1_178' title='bbox 1353 1578 1395 1609; x_wconf 90' lang='lat' dir='ltr'><strong>et</strong></span> 
     </span>
     <span class='ocr_line' id='line_1_31' title="bbox 227 1626 1395 1676; baseline 0 -14"><span class='ocrx_word' id='word_1_179' title='bbox 227 1632 427 1663; x_wconf 87' lang='lat' dir='ltr'><strong>saetarum</strong></span> <span class='ocrx_word' id='word_1_180' title='bbox 460 1626 750 1676; x_wconf 83' lang='lat' dir='ltr'><strong>capillamenta.</strong></span> <span class='ocrx_word' id='word_1_181' title='bbox 806 1628 935 1662; x_wconf 88' lang='lat' dir='ltr'><strong>vesica</strong></span> <span class='ocrx_word' id='word_1_182' title='bbox 971 1626 1203 1662; x_wconf 88' lang='lat' dir='ltr'><strong>membrana</strong></span> <span class='ocrx_word' id='word_1_183' title='bbox 1239 1631 1395 1663; x_wconf 86' lang='lat' dir='ltr'><strong>constat</strong></span> 
     </span>
     <span class='ocr_line' id='line_1_32' title="bbox 227 1679 1395 1729; baseline -0.001 -13"><span class='ocrx_word' id='word_1_184' title='bbox 227 1692 328 1728; x_wconf 86' lang='lat' dir='ltr'><strong>quae</strong></span> <span class='ocrx_word' id='word_1_185' title='bbox 367 1679 571 1716; x_wconf 87' lang='lat' dir='ltr'><strong>volnerata</strong></span> <span class='ocrx_word' id='word_1_186' title='bbox 611 1682 792 1716; x_wconf 88' lang='lat' dir='ltr'><strong>cicatrice</strong></span> <span class='ocrx_word' id='word_1_187' title='bbox 835 1692 913 1716; x_wconf 91' lang='lat' dir='ltr'><strong>non</strong></span> <span class='ocrx_word' id='word_1_188' title='bbox 955 1679 1167 1723; x_wconf 88' lang='lat' dir='ltr'><strong>solidescit,</strong></span> <span class='ocrx_word' id='word_1_189' title='bbox 1203 1691 1276 1716; x_wconf 88' lang='lat' dir='ltr'><strong>nec</strong></span> <span class='ocrx_word' id='word_1_190' title='bbox 1317 1692 1395 1729; x_wconf 91' lang='lat' dir='ltr'><strong>qua</strong></span> 
     </span>
    </p>
   </div>
   <div class='ocr_carea' id='block_1_6' title="bbox 285 1785 1394 1828">
    <p class='ocr_par' dir='ltr' id='par_1_8' title="bbox 285 1785 1394 1828">
     <span class='ocr_line' id='line_1_33' title="bbox 285 1785 1394 1828; baseline -0.001 -10"><span class='ocrx_word' id='word_1_191' title='bbox 285 1787 296 1806; x_wconf 80' lang='lat'><strong>¹</strong></span> <span class='ocrx_word' id='word_1_192' title='bbox 320 1787 432 1819; x_wconf 83' lang='lat' dir='ltr'><strong>Renes</strong></span> <span class='ocrx_word' id='word_1_193' title='bbox 457 1811 464 1819; x_wconf 91' lang='lat'>.</span> <span class='ocrx_word' id='word_1_194' title='bbox 491 1811 499 1819; x_wconf 90' lang='lat'><strong><em>.</em></strong></span> <span class='ocrx_word' id='word_1_195' title='bbox 525 1812 533 1819; x_wconf 92' lang='lat'>.</span> <span class='ocrx_word' id='word_1_196' title='bbox 557 1788 762 1828; x_wconf 78' lang='lat' dir='ltr'><strong>compositos</strong></span> <span class='ocrx_word' id='word_1_197' title='bbox 778 1787 853 1819; x_wconf 73' lang='lat' dir='ltr'><strong>hic?</strong></span> <span class='ocrx_word' id='word_1_198' title='bbox 883 1787 1040 1828; x_wconf 77' lang='lat' dir='ltr'><strong>Mayhoff</strong></span> <span class='ocrx_word' id='word_1_199' title='bbox 1051 1799 1057 1818; x_wconf 90' lang='lat'><strong>:</strong></span> <span class='ocrx_word' id='word_1_200' title='bbox 1087 1785 1175 1827; x_wconf 80' lang='lat' dir='ltr'><strong>infra</strong></span> <span class='ocrx_word' id='word_1_201' title='bbox 1188 1791 1262 1826; x_wconf 73' lang='lat' dir='ltr'><strong>post</strong></span> <span class='ocrx_word' id='word_1_202' title='bbox 1276 1786 1394 1828; x_wconf 84' lang='lat' dir='ltr'><strong>lapilli.</strong></span> 
     </span>
    </p>
   </div>
   <div class='ocr_carea' id='block_1_7' title="bbox 224 1926 1395 2044">
    <p class='ocr_par' dir='ltr' id='par_1_9' title="bbox 224 1926 1395 2044">
     <span class='ocr_line' id='line_1_34' title="bbox 269 1926 1395 1967; baseline -0.001 -9"><span class='ocrx_word' id='word_1_203' title='bbox 269 1931 283 1945; x_wconf 80' lang='lat'><strong>⁰</strong></span> <span class='ocrx_word' id='word_1_204' title='bbox 304 1926 385 1958; x_wconf 87' lang='lat' dir='ltr'><strong>This</strong></span> <span class='ocrx_word' id='word_1_205' title='bbox 404 1930 562 1958; x_wconf 75' lang='lat' dir='ltr'><strong>sentence</strong></span> <span class='ocrx_word' id='word_1_206' title='bbox 582 1926 721 1967; x_wconf 84' lang='lat' dir='ltr'><strong>belongs</strong></span> <span class='ocrx_word' id='word_1_207' title='bbox 740 1926 828 1963; x_wconf 84' lang='lat' dir='ltr'><strong>here,</strong></span> <span class='ocrx_word' id='word_1_208' title='bbox 851 1926 913 1957; x_wconf 82' lang='lat' dir='ltr'><strong>but</strong></span> <span class='ocrx_word' id='word_1_209' title='bbox 932 1927 966 1957; x_wconf 89' lang='lat' dir='ltr'><strong>in</strong></span> <span class='ocrx_word' id='word_1_210' title='bbox 988 1926 1045 1957; x_wconf 74' lang='lat' dir='ltr'><strong>the</strong></span> <span class='ocrx_word' id='word_1_211' title='bbox 1066 1926 1158 1958; x_wconf 88' lang='lat' dir='ltr'>MSS.</span> <span class='ocrx_word' id='word_1_212' title='bbox 1180 1926 1207 1957; x_wconf 70' lang='lat' dir='ltr'><strong>it</strong></span> <span class='ocrx_word' id='word_1_213' title='bbox 1226 1935 1339 1957; x_wconf 83' lang='lat' dir='ltr'><strong>comes</strong></span> <span class='ocrx_word' id='word_1_214' title='bbox 1358 1932 1395 1957; x_wconf 72' lang='lat' dir='ltr'><strong>at,</strong></span> 
     </span>
     <span class='ocr_line' id='line_1_35' title="bbox 224 1969 636 2001; baseline 0 -1"><span class='ocrx_word' id='word_1_215' title='bbox 224 1969 282 2000; x_wconf 72' lang='lat' dir='ltr'><strong>the</strong></span> <span class='ocrx_word' id='word_1_216' title='bbox 296 1969 362 2000; x_wconf 88' lang='lat' dir='ltr'><strong>end</strong></span> <span class='ocrx_word' id='word_1_217' title='bbox 376 1969 411 2001; x_wconf 82' lang='lat' dir='ltr'><strong>of</strong></span> <span class='ocrx_word' id='word_1_218' title='bbox 425 1969 483 2001; x_wconf 77' lang='lat' dir='ltr'><strong>the</strong></span> <span class='ocrx_word' id='word_1_219' title='bbox 496 1969 636 2001; x_wconf 72' lang='lat' dir='ltr'><strong>section.</strong></span> 
     </span>
     <span class='ocr_line' id='line_1_36' title="bbox 264 2011 683 2044; baseline 0 0"><span class='ocrx_word' id='word_1_220' title='bbox 264 2011 276 2031; x_wconf 70' lang='lat'><strong><em>⁶</em></strong></span> <span class='ocrx_word' id='word_1_221' title='bbox 300 2013 380 2044; x_wconf 87' lang='lat' dir='ltr'><strong>This</strong></span> <span class='ocrx_word' id='word_1_222' title='bbox 398 2014 425 2044; x_wconf 87' lang='lat' dir='ltr'><strong>is</strong></span> <span class='ocrx_word' id='word_1_223' title='bbox 443 2017 504 2044; x_wconf 83' lang='lat' dir='ltr'><strong>not</strong></span> <span class='ocrx_word' id='word_1_224' title='bbox 522 2013 581 2044; x_wconf 76' lang='lat' dir='ltr'><strong>the</strong></span> <span class='ocrx_word' id='word_1_225' title='bbox 599 2023 683 2044; x_wconf 84' lang='lat' dir='ltr'><strong>case.</strong></span> 
     </span>
    </p>
   </div>
   <div class='ocr_carea' id='block_1_8' title="bbox 226 2075 292 2121">
    <p class='ocr_par' dir='ltr' id='par_1_10' title="bbox 226 2075 292 2121">
     <span class='ocr_line' id='line_1_37' title="bbox 226 2075 292 2121; baseline -0.015 -11"><span class='ocrx_word' id='word_1_226' title='bbox 226 2075 292 2121; x_wconf 87' lang='lat'><strong>562</strong></span> 
     </span>
    </p>
   </div>
  </div>
 </body>
</html>
