1482 2312
153 573 214 604 192

151 893 211 924 193

151 1405 211 1436 194

436 145 602 184 PLINY
616 160 624 184 :
675 147 937 184 NATURAL
973 146 1206 184 HISTORY

236 248 391 299 aquilae
413 248 554 285 clarius
576 255 758 292 cernunt,
780 248 955 285 vultures
977 251 1156 299 sagacius
1178 249 1406 293 odorantur,

236 311 420 362 liquidius
447 312 615 349 audiunt
643 312 998 363 talpae—obrutae
1027 318 1147 356 terra,
1173 318 1256 349 tam
1283 312 1406 350 denso

235 382 357 426 atque
382 376 499 413 surdo
522 382 688 413 naturae
713 376 927 420 elemento,
950 382 1160 426 praeterea
1182 390 1276 413 voce
1300 379 1403 413 omni

235 442 275 476 in
291 440 457 477 sublime
474 440 683 484 tendente,
699 453 922 477 sermonem
939 440 1159 477 exaudiunt
1176 446 1231 484 et,
1247 442 1278 477 si
1294 440 1344 477 de
1360 443 1405 477 iis

235 503 409 554 loquare.
447 504 679 554 intellegere
717 506 839 541 etiam
875 504 1061 541 dicuntur
1097 510 1139 541 et
1175 503 1398 554 profugere.

239 568 397 604 auditus
443 571 502 604 cui
538 568 741 605 hominum
776 571 901 618 primo
936 574 1104 618 negatus
1138 574 1213 612 est,
1242 567 1332 605 huie
1365 574 1406 605 et

234 635 423 668 sermonis
445 646 536 668 usus
563 632 732 675 ablatus,
753 645 825 669 nec
851 638 943 669 sunt
970 631 1204 669 naturaliter
1230 632 1334 669 surdi
1362 638 1405 669 ut

235 709 312 732 non
342 696 446 733 idem
476 699 554 732 sint
579 702 620 733 et
646 699 758 733 muti.
815 699 854 732 in
883 699 1041 732 marinis
1066 698 1205 733 ostreis
1226 696 1405 733 auditum

235 773 320 797 esse
348 774 424 797 non
455 766 516 797 est
543 760 775 803 verisimile;
813 760 882 797 sed
911 760 961 797 ad
990 774 1129 797 sonum
1158 773 1338 810 mergere
1365 774 1406 797 se

233 824 419 861 dicuntur
461 824 636 867 solenes;
696 824 786 861 ideo
836 830 877 861 et
927 824 1126 861 silentium
1177 827 1217 860 in
1266 837 1374 861 more
1392 825 1405 847 1

239 889 494 938 piscantibus.
551 888 773 924 LXXXIX.
804 890 929 938 pisces
959 888 1119 938 quidem
1147 888 1305 925 auditus
1333 901 1406 925 nec

237 953 417 989 membra
450 951 599 989 habent
639 965 711 989 nec
749 951 954 996 foramina,
992 952 1128 989 audire
1166 958 1302 989 tamen
1340 965 1406 989 eos

233 1016 363 1066 palam
399 1023 473 1059 est,
504 1022 644 1066 utpote
673 1029 762 1052 cum
792 1016 931 1066 plausu
960 1019 1189 1067 congregari
1221 1015 1323 1053 feros
1357 1016 1406 1053 ad

231 1081 362 1117 cibum
389 1080 653 1117 adsuetudine
679 1082 717 1116 in
744 1079 979 1130 quibusdam
1010 1082 1162 1117 vivariis
1191 1086 1406 1130 spectetur,

233 1150 275 1180 et
309 1147 346 1180 in
391 1146 546 1194 piscinis
581 1144 758 1181 Caesaris
798 1157 946 1195 genera
985 1147 1148 1195 piscium
1184 1144 1234 1181 ad
1262 1157 1405 1181 nomen

235 1211 380 1252 venire,
432 1208 699 1258 quosdamve2
746 1208 931 1259 singulos.
1001 1211 1136 1258 itaque
1184 1209 1405 1258 produntur

233 1274 355 1309 etiam
381 1272 593 1309 clarissime
621 1272 757 1309 audire
778 1272 915 1322 mugil,
934 1272 1063 1322 lupus,
1082 1272 1205 1322 salpa‚
1223 1272 1405 1314 chromis,

233 1342 275 1373 et
292 1336 382 1373 ideo
402 1339 441 1372 in
460 1336 560 1373 vado
579 1339 722 1373 vivere.

285 1400 366 1437 XC.
398 1400 600 1438 Olfactum
637 1402 682 1437 iis
718 1413 804 1437 esse
839 1400 1051 1437 manifeste
1091 1406 1219 1450 patet,
1257 1403 1404 1450 quippe

233 1478 309 1501 non
346 1477 482 1501 omnes
517 1464 656 1501 cadem
693 1477 783 1501 esca
818 1467 1029 1514 capiuntur
1065 1470 1106 1501 et
1142 1466 1247 1514 prius
1284 1478 1403 1514 quam

233 1528 427 1578 adpetant
451 1528 676 1565 odorantur.
732 1528 924 1578 quosdam
948 1534 990 1565 et
1013 1528 1208 1578 speluncis
1231 1528 1402 1565 latentes

233 1592 472 1629 salsamento
502 1592 622 1629 inlitis
653 1591 831 1629 faucibus
862 1591 1008 1642 scopuli
1040 1595 1210 1642 piscator
1241 1592 1403 1642 expellit

232 1656 339 1693 velut
353 1658 410 1692 sui
425 1656 626 1693 cadaveris
641 1658 884 1706 agnitionem
899 1655 1098 1706 fugientes
1112 1668 1121 1699 ;
1148 1658 1402 1692 conveniunt-

231 1733 308 1770 que
340 1733 389 1757 ex
421 1719 502 1756 alto
533 1723 653 1757 etiam
686 1719 736 1756 ad
768 1720 959 1770 quosdam
991 1719 1143 1763 odores,
1176 1726 1219 1756 ut
1250 1722 1400 1769 sepiam

232 1790 361 1820 ustam
391 1790 431 1820 et
460 1784 662 1834 polypum,
692 1797 793 1834 quae
823 1784 913 1820 ideo
940 1786 1159 1820 coiciuntur
1186 1786 1225 1819 in
1254 1796 1399 1820 nassas.

231 1850 410 1885 sentinae
451 1848 611 1898 quidem
653 1849 809 1884 navium
851 1848 1012 1884 odorem
1053 1847 1186 1896 procul
1227 1846 1399 1897 fugiunt,

448 1961 459 1980 ¹
482 1962 536 1992 v.l.
552 1962 587 1991 in
604 1971 699 1992 mari.

446 2003 458 2022 ²
482 2003 638 2044 Mayhoff
649 2015 656 2034 :
681 2003 851 2044 quosdam
868 2009 925 2034 aut
941 2003 1189 2043 quosdamque.

229 2077 300 2110 414
