1482 2312
159 620 222 650 204

159 1004 222 1035 205

161 1582 223 1611 206

440 128 605 166 PLINY
620 142 629 166 ι
679 129 942 167 NATURAL
978 129 1211 168 HISTORY

241 234 271 268 si
309 234 514 281 caprinum
550 234 658 268 iecur
695 237 918 276 vescantur,
954 234 1110 268 restitui
1148 234 1411 280 vespertinam

243 298 368 332 aciem
386 298 431 332 iis
449 308 546 344 quos
564 295 797 345 nyctalopas
815 301 969 332 vocant.
1024 298 1063 331 in
1081 295 1215 332 Cilicia
1231 298 1413 345 circaque

244 358 380 408 Syrtes
414 358 504 395 villo
535 358 669 395 tonsili
702 361 938 395 vestiuntur.
991 372 1129 408 capras
1161 362 1201 395 in
1233 372 1413 396 occasum

244 422 386 459 declini
407 422 489 459 sole
509 425 548 458 in
568 425 722 471 pascuis
743 428 895 472 negant
914 426 1094 459 contueri
1115 426 1219 460 inter
1238 436 1324 460 sese
1344 423 1414 460 sed

243 499 400 523 aversas
420 489 564 529 iacere,
585 486 744 535 reliquis
765 492 901 522 autem
921 485 1025 523 horis
1045 487 1230 523 adversas
1250 493 1292 523 et
1311 489 1416 524 inter

244 563 285 587 se
325 552 597 600 cognationes.
665 549 870 599 dependet
909 552 1084 587 omnium
1126 556 1263 587 mento
1302 550 1414 588 villus

243 627 362 664 quem
383 627 571 650 aruncum
594 620 748 650 vocant.
804 613 876 650 hoc
896 617 926 651 si
949 617 1034 664 quis
1055 613 1345 663 adprehensam
1366 628 1415 652 ex

244 691 366 728 grege
407 691 527 714 unam
568 677 719 722 trahat,
759 684 919 715 ceterae
960 684 1168 728 stupentes
1209 684 1415 728 spectant;

244 743 284 779 id
318 745 439 779 etiam
475 745 608 779 evenit
643 741 710 778 et1
730 755 821 778 cum
859 742 1059 792 quandam
1089 741 1254 779 herbam
1283 742 1416 792 aliqua

244 820 293 843 ex
345 809 400 843 eis
447 806 718 843 momorderit.
783 820 936 844 morsus
987 819 1123 843 earum
1175 806 1304 843 arbori
1355 812 1416 844 est

244 871 438 913 exitialis;
473 870 615 906 olivam
638 870 851 907 lambendo
873 883 1032 920 quoque
1053 870 1230 907 sterilem
1250 869 1416 914 faciunt,

244 948 371 984 eaque
393 948 440 971 ex
460 947 579 970 causa
602 934 808 970 Minervae
829 947 907 970 non
926 934 1194 971 immolantur.

295 998 497 1035 LXXVII.
533 997 642 1034 Suilli
679 1001 829 1047 pecoris
864 998 1082 1035 admissura
1118 1012 1140 1034 a
1174 998 1331 1035 favonio
1366 998 1416 1035 ad

245 1065 540 1112 aequinoctium
566 1075 744 1105 vernum,
770 1069 882 1099 aetas
911 1069 1051 1099 octavo
1080 1076 1231 1106 mense,
1258 1063 1415 1112 quibus-

244 1127 335 1163 dam
359 1129 395 1162 in
417 1126 509 1163 locis
529 1129 651 1163 etiam
673 1132 829 1176 quarto,
845 1139 970 1176 usque
986 1126 1035 1163 ad
1056 1133 1240 1163 octavum
1255 1140 1415 1163 annum.

245 1197 384 1240 partus
406 1191 464 1227 bis
487 1193 526 1226 in
549 1203 666 1233 anno,
688 1196 847 1239 tempus
871 1196 985 1227 utero
1008 1196 1199 1240 quattuor
1220 1204 1416 1235 mensum,

245 1268 431 1291 numerus
455 1254 690 1291 fecunditati
716 1254 766 1291 ad
790 1257 960 1298 vicenos,
983 1254 1053 1291 sed
1077 1254 1246 1292 educare
1269 1268 1417 1305 neque-

245 1325 317 1355 unt
351 1325 435 1355 tam
470 1318 627 1355 multos.
683 1319 823 1355 diebus
860 1332 883 1356 x
920 1321 1023 1355 circa
1060 1319 1242 1355 brumam
1279 1321 1416 1356 statim

245 1383 432 1420 dentatos
451 1386 556 1419 nasci
578 1382 758 1432 Nigidius
776 1383 913 1419 tradit.
968 1383 1184 1432 implentur
1202 1396 1279 1420 uno
1296 1386 1417 1427 coitu,

246 1450 310 1497 qui
354 1453 395 1483 et
437 1450 664 1497 geminatur
705 1453 870 1496 propter
910 1446 1149 1483 facilitatem
1192 1447 1417 1490 aboriendi3

246 1511 464 1548 remedium
492 1524 541 1547 ne
568 1514 694 1560 prima
720 1511 930 1548 subatione
958 1524 1088 1561 neque
1114 1517 1209 1548 ante
1236 1511 1416 1548 flaccidas

245 1589 358 1612 aures
384 1578 510 1612 coitus
538 1575 619 1611 fiat.
675 1588 803 1612 mares
830 1589 907 1611 non
934 1575 1039 1612 ultra
1064 1578 1271 1612 trimatum
1297 1589 1417 1625 gene-

246 1645 347 1676 rant.
404 1639 577 1676 feminae
613 1645 823 1676 senectute
858 1639 987 1676 fessae
1021 1639 1214 1676 cubantes
1249 1645 1417 1683 coeunt3

245 1717 420 1740 comesse
446 1704 551 1740 fetus
572 1706 610 1738 in
624 1704 639 1726 2
659 1703 717 1740 his
738 1716 815 1740 non
837 1709 898 1740 est
918 1703 1154 1753 prodigium.
1209 1707 1287 1740 suis
1311 1703 1416 1740 fetus

245 1767 433 1804 sacrificio
471 1767 536 1804 die
580 1770 718 1816 quinto
767 1780 885 1816 purus
933 1773 1008 1811 est,
1048 1770 1198 1816 pecoris
1244 1767 1308 1804 die
1347 1780 1417 1811 vu,

246 1831 354 1868 bovis
392 1844 475 1868 xxx.
545 1831 813 1867 Coruncanius
854 1831 1056 1868 ruminalis
1100 1830 1247 1868 hostias
1291 1831 1416 1868 donec

635 1934 645 1951 ²
675 1933 831 1973 Mayhoff
843 1946 850 1964 :
875 1933 1019 1965 evenire.

633 1975 645 1994 ²
666 1977 705 2007 in
722 1976 797 2007 add.
816 1976 967 2008 Mueller.

251 2050 314 2082 142
