1482 2312
100 353 162 384 279

100 886 163 916 280

100 1312 159 1343 281

100 1578 162 1608 282

385 137 573 176 PLINY:
625 139 887 176 NATURAL
924 139 1158 177 HISTORY

183 241 396 278 medentur
433 254 557 291 grano
595 242 745 292 Assyrii
782 241 890 285 mali,
925 244 1035 278 cuius
1080 249 1139 278 est
1184 244 1356 279 suavitas

184 298 412 344 praecipua,
431 297 471 330 in
491 294 694 331 esculenta
715 294 863 331 addito.

234 347 548 397 Elephantorum
566 350 698 384 anima
715 353 922 396 serpentes
940 347 1132 391 extrahit,
1149 361 1352 384 cervorum

184 404 274 438 urit.
329 401 500 438 diximus
529 400 732 437 hominum
763 414 912 450 genera
935 403 1000 450 qui
1023 414 1177 438 venena
1198 414 1356 451 serpen—

182 457 283 491 tium
320 460 435 491 suctu
469 455 696 503 corporibus
733 457 967 491 eximerent.
1029 457 1124 504 quin
1161 460 1201 491 et
1237 455 1357 491 subus

184 514 391 556 serpentes
425 510 465 543 in
500 506 646 556 pabulo
680 513 787 550 sunt,
822 514 863 544 et
898 507 1015 543 aliis1
1050 520 1248 544 venenum
1283 513 1356 544 est.

185 574 287 611 quae
345 563 497 597 insecta
543 560 845 609 appellavimus,
892 563 1025 596 omnia
1070 560 1146 597 olei
1194 573 1356 610 aspersu

184 620 392 656 necantur,
406 613 582 650 vultures
597 620 804 663 unguento
819 614 901 663 (qui
917 613 1034 663 fugat
1049 613 1145 650 alios
1160 620 1358 663 appetunt

184 667 377 716 odorem),
395 666 597 703 scarabaei
616 680 715 703 rosa.
771 667 963 716 quasdam
981 673 1189 716 serpentes
1207 669 1359 716 scorpio

183 720 339 757 occidit.
393 719 566 770 Scythae
593 722 761 770 sagittas
788 723 951 769 tingunt
978 722 1155 769 viperina
1179 722 1290 757 sanie
1317 725 1359 757 et:

183 773 357 810 humano
375 776 592 823 sanguine3
626 773 926 810 inremediabile
946 773 986 810 id
1005 773 1132 810 scelus
1163 779 1359 810 :mortem

184 827 272 863 ilico
290 825 403 863 affert
422 826 497 863 levi
514 832 640 863 tactu.

233 880 374 916 CXVI.
404 880 518 926 Quae
543 879 773 916 animalium
799 886 1058 929 pascerentur
1082 892 1236 916 veneno
1260 879 1358 916 dixi-

183 947 282 970 mus.
337 933 535 983 quaedam
585 935 753 969 innocua
796 933 943 982 alioqui
987 936 1194 969 venenatis
1243 938 1359 982 pasta

184 989 303 1023 noxia
325 986 425 1023 fiunt
451 993 493 1023 et
519 989 616 1036 ipsa.
671 999 785 1035 apros
807 989 846 1022 in
869 985 1105 1036 Pamphylia
1130 992 1171 1023 et
1198 985 1359 1022 Ciliciae

184 1043 402 1077 montuosis
437 1039 690 1076 salamandra
726 1040 776 1076 ab
811 1039 870 1076 his
907 1039 1100 1076 devorata
1135 1041 1201 1089 qui
1239 1038 1358 1076 edere

183 1096 419 1137 moriuntur,
440 1106 572 1142 neque
594 1096 699 1129 enim
722 1098 783 1129 est
804 1092 1033 1129 intellectus
1054 1092 1156 1129 ullus
1177 1095 1217 1128 in
1239 1092 1359 1129 odore

184 1146 246 1183 vel
265 1158 428 1196 sapore3
458 1152 499 1184 et
519 1159 623 1196 aqua
641 1149 856 1196 vinumque
871 1145 1088 1183 interimit2
1108 1145 1358 1182 salamandra

186 1200 235 1236 ibi
265 1203 479 1243 inmortua,
503 1199 565 1236 vel
594 1202 623 1236 si
654 1202 814 1236 omnino
838 1199 944 1236 unde
968 1199 1146 1236 biberit³
1173 1205 1358 1248 potetur3

182 1256 280 1290 item
346 1266 443 1290 rana
512 1266 633 1303 quam
705 1253 891 1290 rubetam
948 1258 1091 1289 vocant
1115 1266 1124 1289 z
1199 1258 1358 1289 tantum

182 1306 412 1343 insidiarum
446 1312 507 1344 est
549 1307 677 1343 vitae!
727 1319 872 1355 vespae
905 1311 1092 1355 serpente
1127 1305 1241 1342 avide
1274 1319 1357 1342 ves-

182 1366 340 1403 cuntur,
391 1373 469 1410 quo
524 1359 716 1396 alimento
765 1358 990 1396 mortiferos
1040 1362 1142 1396 ictus
1190 1358 1356 1395 faciunt.

183 1413 366 1463 adeoque
396 1426 543 1463 magna
574 1412 799 1450 differentia
830 1419 891 1449 est
923 1415 1048 1449 victus
1079 1418 1124 1449 ut
1154 1415 1194 1448 in
1224 1417 1357 1449 tractu

183 1469 289 1516 pisce
317 1469 535 1503 viventium
559 1465 857 1515 Theophrastus
884 1466 1027 1515 prodat
1052 1465 1173 1502 boves
1199 1478 1358 1515 quoque

183 1522 290 1569 pisce
310 1523 428 1563 vesci,
448 1520 519 1556 sed
538 1533 617 1556 non
636 1522 707 1556 nisi
730 1522 901 1556 vivente.

233 1573 395 1609 CXVII.
427 1574 586 1609 Homini
622 1573 732 1609 cibus
767 1572 997 1609 utilissimus
1033 1572 1215 1621 simpleX,
1249 1584 1352 1608 acer-

184 1630 290 1663 vatio
315 1640 500 1675 saporum
527 1626 716 1676 pestifera
744 1632 785 1663 et
811 1625 1065 1662 condimento
1092 1627 1354 1674 perniciosior.

381 1731 390 1748 ¹
414 1734 449 1759 et,
465 1728 540 1759 aliis
555 1732 742 1768 corruptum
756 1741 761 1757 2
797 1738 858 1758 nee
874 1727 978 1759 alvo?
998 1726 1158 1767 Mayhoff.

328 1772 339 1790 ²
365 1771 416 1803 ul.
436 1772 617 1802 interemit.
769 1770 781 1788 ³
806 1770 940 1802 Dakmz
974 1770 1098 1801 biberit
1116 1770 1215 1801 unde.

222 1883 236 1898 a
277 1880 286 1895 ἴ
412 1890 423 1896 Ἴ

225 1922 237 1941 b
259 1879 484 1962 {ggfiggsbgfie
503 1925 578 1952 text
597 1920 720 1951 should
741 1920 780 1950 be
800 1919 929 1950 altered
949 1924 985 1950 to
1003 1919 1080 1960 give
1097 1917 1105 1930 ‘
1122 1918 1191 1949 and
1209 1923 1247 1949 to
1265 1917 1353 1949 their

179 1965 377 2039 stomgclggt
394 1965 422 1995 is
439 1968 501 1995 not
519 1962 727 2003 poisonous.'

225 2013 237 2028 ο

177 2070 249 2106 608
