1482 2312
156 319 196 351 25

418 148 584 186 PLINY
598 161 608 186 :
658 148 922 186 NATURAL
958 147 1193 186 HISTORY

219 255 353 302 inponi
386 251 565 289 tradunt.
619 254 733 288 iuxta
766 264 860 288 vero
893 256 1044 288 terram
1080 250 1215 288 volant
1249 254 1291 288 in
1325 251 1393 289 ad-

218 327 329 351 verso
344 313 443 350 flatu
461 313 645 362 vepribus
661 315 832 349 evitatis.
886 315 985 349 mira
1004 313 1227 350 observatio
1242 315 1393 362 operis:

219 377 458 412 cessantium
508 377 694 410 inertiam
744 379 900 417 notant,
948 377 1162 423 castigant,
1209 387 1303 410 mox
1352 379 1393 411 et

220 439 390 486 puniunt
411 441 551 472 morte.
606 438 704 471 mira
725 435 943 471 munditia:
969 435 1211 472 amoliuntur
1225 437 1357 472 omnia
1372 448 1394 472 e

220 498 365 541 medio,
411 497 624 546 nullaeque
670 499 774 533 inter
818 509 939 546 opera
983 498 1197 545 spurcitiae
1239 499 1372 534 iacent
1385 508 1395 540 ;

223 562 318 609 quin
352 564 393 595 et
428 563 685 595 excrementa
718 560 970 607 operantium
1004 561 1125 601 intus,
1157 570 1209 594 ne
1240 557 1395 608 longius

222 620 427 663 recedant,
457 633 579 656 unum
609 625 801 669 congesta
830 621 870 654 in
899 618 1029 655 locum
1058 618 1228 656 turbidis
1256 619 1396 657 djebus

224 687 264 718 et
288 684 417 731 operis
441 684 522 717 otio
547 687 728 731 egerunt.
781 693 871 716 cum
895 680 1223 730 adversperascit,
1245 683 1285 717 in
1308 680 1397 718 alvo

222 748 406 792 strepunt
442 745 570 779 minus
607 755 652 778 ac
687 745 830 786 minus,
866 741 992 779 donec
1027 755 1108 778 una
1141 741 1397 779 circumvolet

223 804 364 841 eodem
403 817 480 854 quo
518 806 709 840 excitavit
745 803 891 840 bombo
927 816 1002 840 ceu
1039 806 1218 853 quietem
1253 816 1397 853 capere

223 868 469 915 imperitans,
501 871 543 902 et
573 864 646 901 hoc
677 870 897 901 castrorum
928 877 1060 908 more;
1104 870 1200 901 tunc
1230 870 1398 915 repente

223 940 360 964 omnes
383 929 666 964 conticescunt.

277 989 426 1025 Domos
464 991 634 1038 primum
672 987 804 1037 plebei
843 986 1123 1031 exaedificant,
1157 987 1302 1024 deinde
1339 1000 1399 1024 re-

224 1051 351 1100 gibus.
404 1053 435 1087 si
481 1055 665 1099 speratur
708 1049 855 1099 largior
898 1054 1129 1098 proventus,
1174 1048 1400 1086 adiciuntur

224 1112 485 1148 contubernia
519 1116 560 1147 et
594 1110 715 1153 fucis;
762 1109 838 1146 hae
871 1109 1061 1147 cellarum
1094 1113 1295 1154 minimae,
1329 1110 1401 1148 sed

225 1173 345 1222 ipsis1
381 1175 548 1209 maiores
586 1172 737 1222 apibus.
791 1171 862 1208 XI.
900 1177 993 1209 sunt
1029 1177 1166 1208 autem
1201 1171 1279 1208 fuci
1315 1174 1400 1209 sine

225 1234 375 1278 aculeo,
417 1233 527 1270 velut
573 1232 820 1283 inperfectae
867 1245 961 1282 apes
1008 1235 1340 1283 novissimaeque,
1378 1246 1400 1269 a

226 1295 337 1332 fessis
376 1301 417 1332 et
453 1298 533 1331 iam
572 1297 747 1332 emeritis
784 1293 1011 1334 inchoatae.
1048 1297 1245 1331 serotinus
1293 1294 1400 1331 fetus

227 1363 269 1394 et
303 1359 413 1407 quasi
447 1359 607 1394 servitia
641 1369 822 1393 verarum
851 1358 1008 1406 apium3
1042 1356 1301 1406 quamobrem
1329 1359 1400 1393 im-

225 1424 368 1468 perant
383 1421 414 1455 is
431 1421 657 1468 primosque
674 1417 882 1468 expellunt
897 1420 938 1454 in
955 1430 1090 1467 opera,
1103 1417 1301 1454 tardantis
1316 1420 1401 1455 sine

226 1480 439 1517 clementia
464 1483 647 1529 puniunt.
700 1492 832 1530 neque
856 1481 897 1516 in
921 1492 1042 1529 opere
1065 1485 1240 1523 tantum,
1264 1479 1336 1516 sed
1359 1482 1400 1515 in

226 1541 312 1578 fetu
358 1554 515 1592 quoque
560 1541 749 1578 adiuvant
794 1554 875 1584 eas,
919 1540 1091 1577 multum
1135 1540 1187 1577 ad
1228 1540 1401 1578 calorem

652 1633 663 1651 ¹
688 1632 855 1664 Raclsham
869 1644 877 1664 ε
903 1632 977 1673 ipsi.

272 1757 287 1772 ⁰
308 1753 338 1784 I.
343 1763 368 1784 e.
387 1752 445 1784 the
463 1762 584 1792 queen·
575 1752 676 1783 -bees

274 1796 286 1816 ¹’
310 1797 431 1832 fucus,
457 1794 659 1836 ‘Jpretence
684 1793 803 1825 ‘sham
828 1793 911 1830 bee,
934 1804 1003 1825 was
1025 1793 1107 1824 used
1129 1804 1166 1825 as
1188 1804 1208 1824 a
1230 1803 1330 1824 name
1351 1794 1403 1825 sor

228 1839 286 1870 the
296 1839 416 1869 drones
429 1839 550 1868 becaus
554 1838 615 1868 eof
625 1837 713 1868 their
723 1837 892 1877 supposed
904 1836 1051 1876 sterility
1063 1835 1116 1876 (cf.
1131 1837 1227 1875 §49)‚
1207 1836 1403 1877 >although

227 1882 281 1921 jus
267 1886 298 1912 t
324 1881 428 1912 below
454 1880 531 1911 here
558 1881 656 1910 Plinv
682 1890 788 1910 seems
812 1890 856 1910 ax.
866 1890 922 1910 are
947 1879 1025 1910 thaz
1049 1878 1137 1910 their
1160 1889 1318 1920 presence
1342 1879 1403 1910 has

228 1924 425 1972 something
438 1927 474 1954 bo
495 1923 538 1954 do
560 1923 642 1953 with
663 1922 721 1952 the
740 1923 807 1953 size
827 1923 862 1953 of
882 1922 940 1952 the
960 1921 1160 1962 population
1181 1922 1217 1953 of
1235 1921 1294 1952 the
1313 1922 1401 1953 hive.

227 1968 322 2007 They
342 1977 399 1997 are
418 1967 451 1996 in
471 1966 542 1997 fact
563 1966 621 1996 the
640 1965 754 2001 males,
776 1965 850 1996 who
870 1965 1081 2004 impregnate
1100 1964 1159 1995 the
1178 1974 1314 2004 queens,
1335 1965 1403 1996 and

228 2021 284 2041 are
311 2009 392 2040 then
419 2008 484 2040 idle
511 2018 704 2039 consumers
730 2007 829 2045 until,
857 2007 954 2038 when
980 2007 1038 2039 the
1065 2007 1203 2038 harvest
1229 2007 1265 2038 of
1290 2007 1402 2049 honey

228 2072 300 2116 448
