1482 2312
117 266 176 298 157

120 754 177 784 158

117 1183 176 1214 159

395 158 581 195 PLINY:
633 158 892 196 NATURAL
928 157 1162 196 HISTORY

199 262 414 298 nictatione
459 266 620 311 propter
666 261 877 310 praeduros
925 260 1067 297 oculos.
1136 265 1356 297 extremm

201 323 394 359 ambitum
423 334 549 372 genae
579 324 785 372 superioris
816 324 966 372 antiqui
996 321 1127 358 cilium
1157 334 1356 365 vocavere,

200 383 304 420 unde
340 389 381 420 et
417 382 632 433 supercilia.
688 382 760 419 hoc
795 383 953 419 vulnere
990 382 1117 432 aliquo
1152 382 1354 419 diductum

201 458 278 481 non
297 444 492 488 coalescit,
513 450 558 480 ut
577 447 616 480 in
636 446 768 494 paucis
788 443 947 480 humani
967 446 1136 493 corporis
1156 444 1352 480 membris.

252 505 397 542 LVIII.
428 504 534 541 Infra
565 505 694 541 oculos
727 504 852 541 malae
886 504 1031 541 homini
1059 510 1216 541 tantum
1245 505 1356 554 (quas

200 569 314 616 prisci
342 579 463 616 genas
484 567 689 609 vocabant,
711 578 764 601 ΧΠ
789 565 1011 602 tabularum
1037 566 1246 602 interdicto
1273 565 1355 602 radi

201 627 391 664 afeminis
406 628 604 675 vetantis).
658 627 796 676 pudori
814 626 930 663 shaec
946 626 1080 663 sedes:
1096 627 1148 663 ibi
1171 640 1353 663 maxume

201 688 420 725 ostenditur
436 689 563 724 rubor.

251 749 354 785 LIX.
384 749 494 785 Intra
528 762 593 786 eas
629 748 869 785 hilaritatem
903 752 1102 798 risumque
1137 749 1356 785 indicantes

201 812 346 848 buccae
377 816 417 847 et
447 810 559 847 altior
590 810 735 847 homini
765 816 936 854 tantum,
967 823 1085 860 quem
1114 813 1201 847 novi
1232 823 1357 847 mores

201 872 386 909 subdolae
415 874 585 908 inrisioni
614 872 808 916 dicavere,
831 885 958 909 nasus.
1012 885 1090 908 non
1113 872 1175 908 alii
1200 872 1358 908 animal⁶

200 936 280 970 ium
314 946 426 969 nares
463 936 659 970 eminent:
709 934 857 977 avibus,
892 934 1153 983 serpentibus,
1187 934 1357 983 piscibus

201 994 390 1031 foramina
415 1000 571 1031 tantum
601 994 651 1031 ad
680 993 845 1031 olfactus
875 997 957 1031 sine
988 995 1166 1038 naribus;
1206 1000 1247 1031 et
1269 994 1358 1031 hinc

200 1058 431 1106 cognomina
461 1055 667 1099 Simorum,
686 1055 871 1092 Silonum.
926 1058 1093 1106 septimo
1112 1068 1246 1092 mense
1265 1069 1359 1106 gen-

202 1119 264 1153 itis
281 1130 564 1167 saepenumero
581 1116 771 1153 foramina
788 1119 939 1153 aurium
957 1123 998 1154 et
1015 1119 1166 1153 narium
1183 1116 1357 1154 defuere.

251 1178 332 1215 LX.
363 1179 504 1223 Labra,
531 1193 552 1215 a
581 1179 720 1229 quibus
746 1178 922 1222 Brocchi,
950 1178 1154 1215 Labeones
1181 1179 1291 1223 dicti,
1317 1184 1358 1216 et

200 1253 241 1276 os
271 1241 435 1290 probum
466 1241 647 1277 duriusve
679 1240 822 1277 animal
852 1241 1145 1291 generantibus.
1199 1254 1269 1291 pro
1298 1239 1357 1277 his

198 1314 339 1339 cornea
381 1308 422 1339 et
463 1308 580 1339 acuta
621 1301 839 1339 volucribus
881 1308 1019 1346 rostra,
1062 1302 1202 1339 eadem
1245 1308 1358 1352 rapto

199 1364 418 1400 viventibus
442 1364 607 1407 adunca,
630 1363 794 1400 collecto
817 1370 940 1407 recta,
963 1363 1104 1400 herbas
1130 1365 1358 1400 eruentibus

199 1423 412 1475 limumque
437 1425 530 1469 lata,
554 1431 597 1462 ut
626 1431 667 1462 et
683 1425 697 1447 1
727 1439 840 1462 suurn
863 1428 1011 1475 generi.
1065 1428 1250 1462 iumentis
1275 1428 1357 1462 vice

200 1499 336 1523 manus
367 1487 416 1523 ad
446 1487 663 1535 colligenda
687 1487 842 1537 pabula.
895 1500 962 1524 ora
991 1490 1186 1537 apertiora
1209 1487 1357 1523 laniatu

198 1548 427 1584 viventibus.

253 1608 437 1646 Mentum
465 1609 559 1646 nulli
587 1615 745 1659 praeter
772 1609 984 1653 hominem,
1012 1610 1087 1646 ut'2
1116 1623 1188 1647 nec
1216 1610 1355 1647 malae.

199 1669 375 1707 maxillas
396 1670 609 1707 crocodilus
630 1677 787 1707 tantum
809 1673 1026 1721 superiores
1047 1678 1193 1715 movet,
1217 1677 1357 1708 terres-

198 1737 278 1768 tres
297 1732 570 1782 quadrupedes
589 1733 729 1769 eodem
746 1746 823 1783 quo
840 1738 973 1769 cetera
990 1746 1097 1770 more
1121 1739 1357 1783 praeterque

195 1794 236 1829 in
261 1792 439 1829 oblicum.

362 1878 373 1896 1
397 1877 568 1917 Illayhoff:
594 1878 654 1908 uti.
814 1878 826 1896 ²
851 1881 888 1908 ut
904 1877 977 1908 add.
993 1879 1008 1908 ,Ρ
1024 1878 1184 1918 Mayhoff.

239 1968 253 1982 ‘¹
276 1964 383 1995 When
407 1965 584 2005 mouming
607 1965 659 1995 for
674 1975 694 1995 a
710 1964 812 1995 death
828 1977 834 1995 :
860 1964 1020 1996 Mulieres
1034 1975 1132 2004 yeme
1155 1975 1193 1997 ne
1209 1965 1355 2002 radunto,

194 2017 268 2038 neve
287 2005 405 2038 lessam
424 2007 583 2047 (wailing)
595 2006 727 2046 funeris
744 2017 814 2047 erqo
831 2007 974 2038 habento.

197 2070 266 2107 530
