1482 2312
167 259 208 288 97

167 578 208 607 98

169 1111 209 1140 99

152 1483 212 1513 100

432 147 599 186 PLINY
614 163 622 186 ε
675 150 937 186 NATURAL
975 149 1209 187 HISTORY

287 252 472 288 XXXIV.
502 251 751 298 Quibusdam
805 254 1014 302 pinnarum
1069 252 1222 290 tutelae
1276 258 1408 290 crusta

235 307 479 355 supervenit,
506 311 551 341 ut
577 306 813 350 scarabaeis,
840 319 1008 355 quorum
1034 308 1192 342 tenuior
1218 305 1409 356 fragilior-

235 372 312 408 que
325 361 458 408 pinna.
498 358 557 395 his
570 364 741 409 negatus
754 358 928 403 aculeus,
940 358 1011 396 sed
1023 361 1062 395 in
1076 359 1247 408 quodam
1260 372 1408 409 genere

235 425 371 448 eorum
404 412 545 462 grandi
577 425 724 448 cornua
756 412 986 462 praelonga,
1018 412 1168 449 bisulca
1200 412 1408 449 dentatis1

235 464 434 502 forficibus
481 467 521 501 in
566 468 785 509 cacumine,
830 479 919 501 cum
965 465 1095 509 libuit,
1140 465 1191 502 ad
1236 479 1408 502 morsum

236 519 486 562 coeuntibus,
526 518 739 554 infantium
780 521 903 554 etiam
943 518 1128 555 remediis
1169 532 1217 555 ex
1258 521 1409 555 cervice

237 571 556 620 suspenduntur;
601 571 781 608 Lucanos
810 577 926 608 vocat
955 571 1024 608 hos
1055 572 1248 621 Nigidius.
1304 572 1409 608 aliud

237 638 368 661 rursus
395 638 531 661 eorum
555 638 681 675 genus
707 627 773 674 qui
799 638 820 661 e
847 625 938 661 fimo
962 627 1136 675 ingentis
1161 625 1259 674 pilas
1284 628 1408 662 aversi

236 678 404 727 pedibus
440 677 623 714 volutant
657 692 878 728 parvosque
913 681 953 714 in
987 681 1032 715 iis
1067 684 1205 715 contra
1239 681 1408 728 rigorem

236 731 376 768 hiemis
398 731 630 768 vermiculos
651 732 758 768 fetus
779 734 837 768 sui
859 731 1101 768 nidulantur.
1156 731 1325 768 volitant
1346 732 1409 768 alii

236 798 382 835 magno
421 798 512 821 cum
552 798 753 821 murmure
795 790 865 821 aut
904 787 1076 835 mugitu,
1117 785 1180 821 alii
1222 784 1328 821 focos
1369 791 1411 821 et

236 838 441 888 parietes2
484 838 631 874 crebris
676 838 933 875 foraminibus
977 844 1173 875 excavant
1218 844 1410 875 nocturno

236 891 404 928 stridore
422 891 589 928 vocales.
646 891 780 928 lucent
798 893 949 941 ignium
966 891 1085 928 modo
1102 897 1222 928 noctu
1239 891 1410 928 laterum

237 950 278 981 et
302 944 478 981 clunium
502 945 631 981 colore
656 945 911 995 lampyrides,
936 958 1039 981 nunc
1063 947 1274 994 pinnarum
1298 944 1409 982 hiatu

237 997 498 1048 refulgentes,
528 1011 631 1034 nunc
661 1011 753 1034 vero
782 1011 996 1047 conpressu
1025 999 1302 1043 obumbratae,
1331 1011 1409 1034 non

238 1057 332 1088 ante
366 1057 524 1088 matura
557 1051 704 1101 pabula
737 1057 807 1088 aut
840 1057 931 1101 post
965 1051 1128 1088 desecta
1160 1054 1408 1101 conspicuae.

238 1118 259 1141 e
274 1107 471 1141 contrario
486 1105 745 1142 tenebrarum
761 1105 921 1141 alumna
936 1105 1073 1141 blattis
1090 1107 1185 1149 vita,
1201 1104 1409 1155 lucemque

237 1157 410 1208 fugiunt,
457 1161 495 1194 in
542 1158 788 1194 balinearum
806 1158 821 1181 ³
866 1160 1038 1195 maxime
1084 1158 1219 1195 umido
1265 1171 1409 1208 vapore

236 1217 470 1261 prognatae.
526 1211 683 1248 fodiunt
715 1225 764 1248 ex
797 1212 938 1248 eodem
970 1225 1117 1262 genere
1149 1211 1256 1248 rutili
1288 1218 1410 1261 atque

237 1265 506 1315 praegrandes
550 1266 751 1302 scarabaei
796 1265 981 1302 tellurem
1025 1265 1176 1302 aridam
1220 1264 1410 1314 favosque

236 1331 382 1367 parvae
410 1324 452 1355 et
478 1318 679 1355 fistulosae
705 1318 823 1355 modo
849 1321 1039 1368 spongiae
1066 1318 1267 1355 medicato
1292 1318 1409 1355 melle

237 1371 405 1421 fingunt.
461 1375 500 1408 in
520 1371 687 1408 Threcia
706 1374 819 1408 iuxta
834 1371 1057 1422 Olynthum
1071 1371 1177 1408 locus
1193 1377 1254 1408 est
1267 1385 1410 1421 parvus

237 1438 315 1474 quo
335 1438 459 1461 unum
479 1424 552 1462 hoc
573 1428 705 1461 anima
740 1428 1005 1469 exanimatur,
1027 1426 1077 1462 ob
1096 1424 1170 1462 hoc
1191 1424 1408 1462 Cantharo-

237 1478 388 1515 lethrus
427 1478 662 1528 appellatus.
725 1481 870 1528 pinnae
910 1481 1069 1515 insectis
1107 1479 1288 1515 omnibus
1326 1481 1409 1515 sine

235 1534 413 1568 scissura.
469 1531 564 1568 nulli
611 1532 738 1569 cauda
785 1534 857 1569 nisi
904 1534 1109 1582 scorpioni.
1165 1531 1227 1568 hic
1274 1545 1408 1568 eorum

236 1585 339 1622 solus
365 1591 407 1622 et
431 1584 614 1622 bracchia
639 1584 762 1622 habet
788 1591 828 1622 et
853 1587 893 1621 in
917 1585 1044 1622 cauda
1069 1585 1284 1635 spiculum3
1322 1585 1392 1622 reli

236 1651 404 1688 quorum
428 1638 666 1688 quibusdam
691 1638 882 1683 aculeus,⁴1
906 1644 951 1676 ut
975 1639 1070 1675 asilo
1094 1639 1191 1688 (sive
1216 1639 1407 1675 tabanum

236 1692 312 1728 dici
327 1691 490 1742 placet),
504 1694 603 1729 item
616 1692 729 1729 culici
745 1698 787 1729 et
803 1692 1038 1742 quibusdam
1056 1694 1212 1736 muscis,
1228 1692 1408 1728 omnibus

443 1795 453 1812 ¹
479 1794 625 1825 Brandis
642 1793 696 1834 (cf.
714 1793 778 1825 IX.
795 1795 852 1834 97)
868 1806 875 1824 :
902 1794 1039 1825 bisulcis
1054 1794 1206 1825 dentata.

440 1837 452 1855 ²
476 1836 639 1876 Detlefsen
656 1837 709 1877 (cf.
729 1838 743 1876 ξ
763 1838 815 1876 13)
831 1848 838 1867 :
863 1840 985 1877 parata
1001 1841 1057 1867 ααί
1073 1840 1181 1877 prata.

440 1879 451 1898 ³
476 1879 517 1910 M
519 1879 633 1919 ayhoff
645 1892 651 1910 :
678 1879 830 1910 balineas
845 1885 902 1910 aut
919 1879 1071 1910 balineis.

441 1922 452 1940 ⁴
476 1922 644 1953 Rackham
660 1934 666 1953 :
692 1920 830 1953 aculeus
845 1921 880 1952 in
896 1932 963 1953 ore.

408 2030 420 2044 ‘¹
445 2025 515 2057 The
533 2026 744 2067 stag-beetle.
915 2025 927 2044 '³
950 2025 1020 2056 The
1038 2025 1232 2057 dor-beetle.

233 2099 302 2133 492
