1482 2368
207 510 472 561 PLINII:
533 508 736 560 NATU
750 509 961 558 RALIS
1019 506 1368 558 HISTORIA

597 663 798 709 LIBER
847 663 963 708 VIII

250 779 280 816 I.
309 780 372 815 AD
414 779 564 828 reliqua
605 784 851 814 transeamus
893 777 1076 814 animalia
1118 782 1159 814 et
1202 779 1368 826 primum

199 851 411 885 terrestria.

251 917 472 954 Maximum
515 924 575 954 est
617 916 804 966 elephans
846 919 1148 966 proximumque
1191 915 1370 952 humanis

198 988 389 1031 sensibus,
419 989 564 1037 quippe
602 986 827 1023 intellectus
860 986 932 1023 illis
966 988 1154 1022 sermonis
1183 987 1300 1035 patrii
1329 990 1370 1022 et

198 1059 448 1106 imperiorum
496 1056 737 1100 obedientia,
783 1056 996 1092 officiorum
1043 1068 1145 1105 quae
1198 1054 1370 1091 didicere

198 1128 401 1170 memoria,
439 1128 580 1162 amoris
619 1132 660 1162 et
697 1125 845 1176 gloriae
883 1125 1078 1175 voluptas,
1122 1127 1241 1161 immo
1280 1137 1371 1161 vero

197 1209 298 1245 quae
334 1198 454 1232 etiarn
501 1198 538 1231 in
584 1194 742 1232 homine
788 1208 888 1239 rara,
923 1195 1111 1244 probitas,
1145 1194 1369 1243 prudentia,

197 1267 390 1315 aequitas,
421 1265 556 1315 religio
587 1278 744 1314 quoque
776 1264 947 1301 siderum
978 1264 1148 1313 solisque
1179 1277 1223 1300 ac
1254 1263 1369 1300 lunae

156 1337 408 1371 2veneratio.
464 1340 644 1371 auctores
682 1340 773 1370 sunt
812 1337 850 1369 in
892 1334 1168 1370 Mauretaniae
1207 1333 1368 1370 saltibus

197 1404 247 1440 ad
268 1404 467 1454 quendam
489 1417 647 1440 amnem
668 1406 727 1440 cui
750 1416 894 1440 nomen
917 1409 977 1440 est
999 1403 1128 1439 Amilo
1150 1405 1369 1440 nitescente

197 1473 289 1510 luna
316 1487 414 1510 nova
441 1487 582 1524 greges
610 1487 745 1510 eorum
772 1473 1013 1509 descendere
1040 1474 1172 1522 ibique
1200 1486 1240 1509 se
1268 1474 1370 1522 puri-

198 1543 361 1580 ficantes
403 1543 645 1579 sollemniter
687 1556 790 1592 aqua
830 1545 1108 1592 circumspergi
1151 1547 1272 1592 atque
1314 1544 1370 1578 ita

197 1612 369 1649 salutato
398 1613 525 1649 sidere
556 1615 595 1648 in
624 1612 738 1649 silvas
768 1614 912 1649 reverti
943 1611 1153 1648 vitulorum
1183 1611 1369 1661 fatigatos

156 1688 288 1732 3prae
327 1695 368 1718 se
402 1681 588 1718 ferentes.
644 1682 795 1718 alienae
829 1694 986 1732 quoque
1025 1681 1220 1731 religionis
1258 1681 1370 1718 intel-

198 1751 302 1788 lectu
322 1751 537 1788 creduntur
556 1754 679 1787 maria
704 1753 906 1788 transituri
933 1764 1011 1788 non
1031 1756 1124 1788 ante
1145 1764 1263 1788 naves
1281 1764 1368 1787 con-

198 1821 386 1857 scendere
409 1834 527 1870 quam
548 1823 704 1857 invitati
720 1823 881 1858 rectoris
897 1820 1146 1857 iureiurando
1162 1820 1211 1857 de
1226 1820 1368 1857 reditu.

199 1892 347 1939 visique
372 1896 463 1926 sunt
489 1890 579 1927 fessi
604 1890 853 1941 aegritudine
879 1890 1054 1940 (quando
1078 1895 1120 1927 et
1142 1889 1226 1926 illas
1248 1889 1369 1927 moles

198 1959 389 1996 infestant
418 1960 559 2008 morbi)
590 1959 730 1997 herbas
761 1962 887 2011 supini
918 1962 957 1996 in
985 1959 1138 1997 caelum
1167 1961 1370 2004 iacientes,

194 2076 213 2099 2
