1482 2312
178 558 219 587 78

444 126 608 164 PLINY
623 140 633 164 ι
683 126 945 164 NATURAL
980 126 1214 164 HISTORY

243 228 445 267 hominem
490 228 655 266 distrahi
700 234 882 279 spectare
928 241 1007 265 non
1050 233 1222 278 poterat.
1278 227 1413 265 ferunt

245 296 348 330 aceti
379 293 576 344 gustatul
603 295 817 344 praecipue
851 305 918 329 eas
948 295 988 328 in
1019 292 1170 328 rabiem
1198 294 1274 342 agi.
1328 299 1415 330 ten-

246 360 448 394 uissimum
470 357 528 394 his
550 363 701 407 tergus,
723 362 861 393 contra
883 355 1063 406 anguillis
1085 358 1264 400 crassius,
1287 368 1415 406 eoque

246 422 443 459 verberari
472 421 606 458 solitos
635 420 759 457 tradit
787 420 946 457 Verrius
975 425 1265 469 praetextatos,
1295 425 1336 456 et
1365 420 1415 456 ob

244 486 284 522 id
303 485 471 522 multam
490 487 536 521 iis
556 485 632 522 dici
652 498 730 521 non
750 487 990 521 institutum.

296 549 380 586 XL.
411 548 622 586 Planorum
654 551 820 599 piscium
854 548 1023 585 alterum
1056 553 1118 584 est
1150 560 1276 597 genus
1309 547 1416 597 quod

245 627 314 663 pro
342 616 455 663 spina
482 613 756 663 cartilaginem
783 611 921 656 habet,
949 617 995 648 ut
1022 613 1143 656 raiae,
1171 614 1416 661 pastinacae,

244 680 467 727 squatinae,
496 677 678 727 torpedo,
708 682 749 713 et
779 689 876 726 quos
905 677 1029 720 bovis,
1058 675 1215 719 lamiae,
1244 674 1417 724 aquilae,

245 755 364 778 ranae
391 742 614 778 nominibus
641 741 782 777 Graeci
809 739 1024 790 appellant.
1080 752 1158 789 quo
1184 741 1224 775 in
1250 752 1416 776 numero

245 811 337 842 sunt
386 805 511 856 squali
562 818 734 855 quoque,
784 806 962 854 quamvis
1012 816 1089 840 non
1138 803 1258 853 plani.
1315 802 1415 840 haec

247 870 399 906 Graece
428 872 468 906 in
499 872 723 906 universum
754 870 900 919 σελάχη
932 867 1147 917 appellavit
1177 866 1416 904 Aristoteles

245 936 371 984 primo
392 933 466 970 hoc
488 936 646 970 nomine
670 935 725 969 eis
747 935 940 982 inposito:
976 944 1045 968 nos
1068 931 1314 981 distinguere
1337 944 1415 967 non

245 1011 451 1048 possumus
468 1000 540 1034 nisi
557 999 587 1034 si
604 997 862 1046 cartilaginea
879 995 1078 1046 appellare
1095 995 1230 1032 libeat.
1286 997 1417 1032 omnia

246 1068 382 1099 autem
407 1064 609 1099 carnivora
634 1067 726 1097 sunt
752 1060 861 1104 talia,
887 1066 929 1097 et
954 1062 1094 1109 supina
1119 1064 1346 1103 vescuntur,
1372 1064 1417 1096 ut

246 1129 286 1162 in
301 1125 496 1176 delphinis
513 1125 697 1169 diximus,
715 1131 755 1162 et
772 1138 860 1161 cum
877 1126 1000 1161 ceteri
1016 1126 1142 1174 pisces
1159 1136 1232 1160 ova
1246 1125 1418 1173 pariant,

246 1189 320 1227 hoe
345 1203 471 1240 genus
498 1189 622 1226 solum
650 1195 693 1226 ut
721 1202 768 1225 ea
795 1201 897 1238 quae
923 1194 1012 1225 cete
1040 1186 1244 1237 appellant
1271 1188 1415 1225 animal

247 1256 351 1304 parit
375 1259 545 1304 excepta
569 1267 688 1303 quam
712 1266 849 1289 ranam
873 1257 1026 1289 vocant.

297 1318 404 1354 XLI.
436 1318 508 1354 Est
534 1331 676 1368 parvus
703 1316 917 1353 admodum
943 1318 1058 1366 piscis
1080 1315 1268 1352 adsuetus
1294 1317 1417 1366 petris

249 1381 432 1419 echeneis
462 1381 696 1432 appellatus.
752 1380 824 1417 hoc
854 1383 993 1417 carinis
1024 1379 1267 1416 adhaerente
1298 1392 1417 1416 naves

248 1446 399 1483 tardius
431 1449 487 1483 ire
519 1446 735 1483 creduntur
766 1445 857 1482 inde
890 1446 1048 1481 nomine
1080 1446 1265 1494 inposito,
1297 1457 1417 1494 quam

249 1511 299 1547 ob
315 1523 473 1547 causam
498 1512 697 1546 amatoriis
715 1522 872 1559 quoque
890 1508 1086 1545 veneficiis
1110 1507 1266 1544 infamis
1290 1513 1352 1545 est
1375 1513 1417 1545 et

249 1574 481 1611 iudiciorum
507 1588 552 1611 ac
578 1573 705 1610 litium
733 1587 854 1616 mora,
881 1586 982 1622 quae
1009 1574 1171 1609 crimina
1197 1585 1276 1608 una
1299 1571 1417 1608 laude

249 1644 391 1688 pensat
427 1638 554 1675 fluxus
589 1637 839 1688 gravidarum
875 1643 989 1673 utero
1024 1638 1166 1672 sistens
1200 1641 1416 1686 partusque

248 1705 455 1739 continens
483 1702 533 1739 ad
560 1704 824 1751 puerperium.
880 1703 920 1736 in
947 1701 1053 1737 cibos
1082 1705 1216 1736 tamen
1245 1712 1323 1736 non
1350 1699 1417 1736 ad-

494 1823 505 1840 1
530 1820 708 1860 Mayhoff?
734 1821 786 1860 (cs.
805 1830 836 1850 x.
858 1822 918 1850 185
937 1820 1032 1858 &c.):
1057 1823 1167 1859 gustu.

702 1975 717 1990 ‘⁸
738 1971 809 2003 The
827 1981 960 2003 remora.

254 2054 323 2084 214
