1482 2312
188 507 248 537 104

188 1086 248 1117 105

188 1601 250 1632 106

465 141 653 179 PLINY:
708 143 969 180 NATURAL
1005 143 1240 181 HISTORY

268 258 412 282 vacans
427 258 522 282 cura
535 247 575 282 in
590 245 698 283 sulco
713 248 899 296 resupina
914 245 1059 296 glaeba
1071 259 1113 283 se
1125 251 1259 284 terrae
1270 246 1439 297 pedibus

268 308 519 358 adprehensa
541 313 682 360 operit.

318 373 528 410 Perdicum
550 376 633 410 vita
657 379 697 410 et
722 373 773 410 ad
795 373 970 411 sedecim
993 387 1116 411 annos
1139 374 1282 411 durare
1306 377 1441 412 existi-

270 443 414 474 matur.

319 501 408 538 LII.
438 501 502 538 Ab
555 504 600 539 iis
653 501 928 539 columbarum
980 505 1155 539 maxime
1207 508 1442 552 spectantur

269 565 385 602 simili
405 568 560 602 ratione
581 579 723 603 mores.
776 569 881 603 inest
897 566 912 589 1
934 566 1127 616 pudicitia
1144 566 1221 603 illis
1241 566 1442 616 plurima‚²

270 635 311 666 et
330 632 463 666 neutri
482 635 579 666 nota
598 629 817 667 adulteria:
850 633 1022 680 conjugii
1042 630 1162 667 fidem
1181 643 1260 667 non
1278 631 1442 676 violant,

267 706 602 744 communemque
637 699 797 730 servant
833 693 1018 731 domum:
1069 697 1141 731 nisi
1177 695 1334 732 caelebs
1372 700 1441 732 aut

269 758 388 795 vidua
420 758 558 795 nidum
591 772 670 795 non
704 758 905 808 relinquit.
962 765 1003 796 et
1036 761 1266 808 imperiosos
1298 772 1442 804 mares,

269 822 437 859 subinde
472 825 595 859 etiam
627 825 782 872 iniquos
816 822 965 866 ferunt,
998 826 1146 873 quippe
1179 826 1348 873 suspicio
1381 829 1442 861 est

269 887 469 931 adulterii,
507 890 685 937 quamvis
724 893 869 923 natura
906 900 985 924 non
1022 890 1096 930 sit3
1146 893 1243 924 tunc
1279 887 1442 937 plenum

270 951 489 1001 querelae3
531 957 673 1001 guttur
714 954 902 1001 saevique
944 957 1071 988 rostro
1112 954 1227 996 ictus,
1269 965 1362 988 mox
1402 955 1440 988 in

269 1014 542 1052 satisfactione
587 1015 832 1052 exosculatio
878 1021 919 1052 et
962 1018 1065 1053 eirca
1108 1019 1262 1053 veneris
1305 1029 1443 1066 preces

268 1079 414 1117 crebris
441 1079 590 1129 pedum
618 1080 778 1116 orbibus
806 1080 997 1117 adulatio.
1058 1093 1168 1117 amor
1194 1083 1354 1130 utrique
1381 1094 1441 1118 su-

269 1144 369 1181 bolis
398 1144 598 1194 aequalis;
644 1157 765 1194 saepe
803 1150 844 1181 et
882 1158 931 1181 ex
970 1144 1045 1181 hac
1073 1158 1193 1181 causa
1231 1148 1442 1195 castigatio

269 1211 418 1259 pigrius
472 1211 649 1245 intrante
703 1208 853 1245 femina
907 1209 958 1246 ad
1010 1208 1150 1258 pullos.
1204 1212 1441 1259 parturienti

269 1273 411 1310 solatia
430 1279 470 1310 et
487 1276 706 1310 ministeria
725 1286 774 1310 ex
791 1286 912 1310 mare.
967 1273 1083 1323 pullis
1099 1276 1226 1323 primo
1242 1273 1442 1311 salsiorem

269 1344 419 1374 terram
446 1337 656 1374 collectam
685 1343 850 1387 gutture
877 1340 918 1374 in
952 1351 1019 1374 ora
1053 1340 1243 1388 inspuunt
1277 1351 1444 1388 praepa-

270 1408 406 1439 rantes
425 1405 789 1452 tempestivitatem
808 1402 907 1439 cibo.
961 1405 1164 1452 proprium
1183 1405 1340 1453 generis
1361 1405 1443 1440 eius

271 1473 312 1504 et
324 1472 527 1503 turturum
538 1480 628 1503 cum
640 1467 780 1503 bibant
793 1466 894 1503 colla
906 1480 986 1503 non
997 1470 1241 1516 resupinare,
1251 1467 1443 1517 largeque

269 1532 407 1568 bibere
429 1534 698 1568 iumentorum
720 1531 849 1568 modo.

318 1595 461 1632 Vivere
488 1595 696 1645 palumbes
726 1595 776 1632 ad
802 1597 1074 1633 tricensimum
1102 1609 1264 1640 annum,
1291 1595 1438 1646 aliquas

271 1666 312 1697 et
357 1659 408 1697 ad
452 1660 843 1710 quadragensimum,
887 1659 1080 1697 habemus
1125 1665 1321 1704 auctores,
1365 1674 1442 1697 uno

269 1729 431 1761 tantum
452 1724 701 1761 incommodo
727 1724 1115 1775 unguium—eodem
1143 1730 1185 1761 et
1207 1730 1444 1775 argumento

269 1792 577 1838 senectae—qui
616 1792 715 1826 citra
753 1791 970 1838 perniciem
1008 1788 1250 1826 reciduntur.
1303 1794 1444 1826 cantus

269 1853 451 1890 omnibus
477 1853 612 1890 similis
645 1859 767 1903 atque
804 1853 911 1890 idem
942 1855 1048 1890 trino
1080 1853 1286 1890 conficitur
1316 1866 1443 1898 versu,

393 1971 404 1990 ¹
429 1971 602 2012 Mctyhosf:
626 1971 705 2002 inde
720 1971 789 2002 sed.
974 1971 986 1989 ²
1010 1971 1183 2012 Mayhoss:
1209 1971 1330 2012 prima.

637 2014 650 2033 ³
675 2013 909 2055 Mayhoff(?):
935 2013 1083 2054 querela.

269 2077 338 2123 358
