1482 2312
180 481 220 511 22

181 1587 221 1617 24

443 128 609 167 PLINY
623 143 632 166 ε
684 129 946 167 NATURAL
982 129 1217 167 HISTORY

247 244 322 268 noe
375 231 498 269 dedit.
553 232 770 269 buteonem
824 231 926 269 hunc
979 231 1182 281 appellant
1236 232 1416 275 Romani,

247 292 395 329 familia
440 295 562 330 etiam
606 306 654 329 ex
695 306 742 330 eo
775 296 1068 343 cognominata,
1102 307 1191 330 curn
1230 307 1416 343 prospero

247 357 419 404 auspicio
461 357 500 390 in
542 354 651 391 ducis
694 357 780 390 navi
824 354 1004 391 sedisset.
1060 354 1230 404 epileum
1274 354 1413 392 Graeci

248 421 389 452 vocant
409 418 473 465 qui
494 415 597 452 solus
617 418 722 452 omni
742 421 923 464 tempore
943 422 1124 465 apparet,
1142 419 1264 453 ceteri
1284 415 1414 452 hieme

248 477 409 514 abeunt.
464 477 665 513 distinctio
688 490 882 527 generum
905 490 954 514 ex
983 477 1197 514 aviditate:
1244 477 1307 513 alii
1337 490 1414 514 non

248 541 319 574 nisi
343 551 364 574 e
387 544 494 575 terra
517 541 676 587 rapiunt
699 551 827 581 avem,
850 538 914 574 alii
938 551 1014 575 non
1039 541 1110 574 nisi
1133 541 1234 575 circa
1258 539 1415 575 arbores

248 599 495 643 volitantem,
515 599 578 636 alii
599 599 808 636 sedentem
828 602 867 635 in
886 600 1057 643 sublimi,
1076 599 1195 650 aliqui
1218 600 1415 637 volantem

248 663 286 696 in
300 667 452 710 aperto.
507 663 644 710 itaque
659 667 700 698 et
713 661 921 698 columbae
935 674 1079 698 novere
1095 674 1143 698 ex
1158 660 1216 698 his
1231 661 1418 711 pericula,

249 725 408 772 visoque
424 722 648 766 considunt,
665 722 726 759 vel
742 722 964 766 subvolant,
980 729 1118 759 contra
1134 729 1317 759 naturam
1334 726 1416 760 eius

247 784 483 821 auxiliantes
508 784 593 821 sibi.
647 786 687 820 in
712 784 839 820 insula
863 783 1021 821 Africae
1047 783 1174 821 Cerne
1203 787 1242 820 in
1270 798 1418 821 oceano

247 848 453 894 accipitres
484 848 607 882 totius
644 845 927 895 Massaesyliae
960 845 1066 882 humi
1105 845 1314 890 fetificant,
1346 859 1418 883 nec

247 906 340 943 alibi
357 913 585 950 nascuntur,
600 906 674 943 illis
689 907 844 944 adsueti
860 907 1059 957 gentibus.

299 968 347 1005 X.
378 968 423 1004 In
445 967 635 1005 Thraciae
657 975 771 1017 parte
799 981 917 1017 super
943 968 1212 1018 Amphipolim
1240 968 1417 1006 homines

248 1035 289 1066 et
319 1032 526 1079 accipitres
556 1033 749 1066 societate
780 1030 953 1079 quadam
983 1036 1253 1079 aucupantur:
1298 1029 1334 1066 hi
1368 1043 1416 1067 ex

246 1091 350 1128 silvis
371 1097 411 1128 et
431 1091 704 1128 harundinetis
725 1094 903 1128 excitant
922 1105 1028 1134 aves,
1046 1091 1100 1127 illi
1120 1091 1417 1140 supervolantes

247 1152 475 1201 deprimunt
498 1165 650 1195 rursus3
683 1159 821 1202 captas
842 1166 1014 1202 aucupes
1035 1153 1215 1190 dividunt
1235 1166 1325 1189 cum
1345 1152 1415 1190 his.

247 1214 439 1251 traditum
464 1220 523 1251 est
548 1217 684 1251 missas
709 1217 747 1250 in
770 1214 937 1251 sublime
962 1214 1041 1251 ibil
1066 1217 1248 1263 excipere
1272 1227 1352 1258 eos,
1376 1220 1417 1251 et

247 1289 336 1312 cum
356 1278 406 1312 sit
425 1281 584 1325 tempus
604 1282 808 1325 capturae,
827 1275 1013 1325 clangore
1033 1289 1077 1312 ac
1097 1275 1251 1312 volatus
1270 1288 1418 1326 genere

248 1339 414 1374 invitare
454 1337 503 1374 ad
543 1340 800 1373 occasionem.
855 1337 981 1374 simile
1021 1337 1208 1386 quiddam
1250 1337 1326 1386 lupi
1368 1337 1417 1374 ad

251 1398 445 1435 Maeotim
486 1398 671 1448 paludem
716 1398 888 1440 faciunt;
947 1412 1037 1434 nam
1082 1401 1151 1435 nisi
1198 1404 1352 1447 partem
1395 1412 1417 1434 a

248 1460 490 1508 piscantibus
531 1473 642 1497 suam
683 1473 886 1509 accepere,
929 1473 1103 1509 expansa
1143 1473 1276 1496 corum
1318 1462 1418 1496 retia

245 1521 434 1558 lacerant.

300 1584 519 1632 Accipitres
566 1586 696 1619 avium
745 1596 821 1619 non
856 1583 980 1620 edunt
1018 1582 1148 1620 corda.
1203 1589 1418 1620 nocturnus

248 1647 437 1694 accipiter
451 1645 631 1695 cybindis
650 1651 824 1686 vocatur,
841 1658 950 1681 rarus
969 1647 1090 1681 etiam
1108 1647 1147 1680 in
1164 1644 1282 1687 silvis,
1299 1647 1417 1681 inter-

248 1706 313 1742 diu
341 1709 468 1743 minus
489 1719 666 1743 cernens.
723 1706 872 1743 bellum
895 1709 1182 1743 internecivum
1202 1708 1307 1756 gerit
1327 1719 1416 1743 cum

247 1767 393 1817 aquila,
412 1767 752 1818 cohaerentesque
772 1780 892 1817 saepe
912 1767 1172 1817 prenduntur.

734 1853 746 1871 ¹
768 1852 821 1883 v.l.
838 1852 914 1884 sibi.

288 1943 303 1958 ss

266 1938 623 2056 ἱέἐὲιᾷἑῗῖἒῗὲὀψῃ
636 1981 694 2012 the
707 1981 804 2012 N.W.
819 1980 957 2012 African
969 1984 1063 2012 coast
1076 1981 1209 2012 outside
1222 1981 1280 2012 the
1293 1981 1416 2012 saraim

243 2035 263 2056 0
325 2035 334 2055 l
361 2035 397 2056 ra
427 2035 474 2055 ar.

245 2079 314 2124 306
