1482 2312
110 239 153 270 62

108 812 149 842 63

109 1068 152 1098 64

109 1451 151 1481 65

108 2031 153 2075 48

372 130 561 169 PLINY:
611 131 872 168 NATURAL
908 129 1141 167 HISTORY

226 234 378 270 XXIII.
409 233 610 270 Panthera
645 239 687 270 et
721 235 834 283 tigris
870 231 1113 269 macularum
1148 233 1342 267 varietate

176 311 298 346 prope
328 297 434 334 solae
466 298 683 334 bestiarum
716 302 961 346 spectantur,
992 298 1136 332 ceteris
1167 308 1267 331 unus
1298 307 1342 330 ac

176 375 267 398 suus
304 364 446 411 cuique
483 364 619 411 generi
656 360 763 397 color
801 366 874 403 est,
913 360 1070 396 leonum
1107 364 1267 395 tantum
1303 360 1342 393 in

175 423 287 475 Syria
305 428 427 474 niger.
483 424 686 474 pantheris
704 427 742 460 in
759 423 927 460 candido
945 424 1084 460 breves
1101 422 1342 460 macularum

175 489 288 525 oculi.
351 489 486 526 ferunt
524 488 643 525 odore
672 501 808 524 earum
836 490 933 524 mire
960 486 1161 524 sollicitari
1189 485 1343 535 quadri-

176 552 296 601 pedes
319 558 495 596 cunctas,
517 552 586 589 sed
608 555 750 600 capitis
772 554 963 588 torvitate
983 553 1147 593 terreri;
1183 562 1344 599 quamo-

176 616 286 652 brem
311 616 510 652 occultato
535 629 582 652 eo
607 615 759 665 reliqua
784 615 994 652 dulcedine
1018 616 1206 650 invitatas
1229 616 1345 650 corri—

177 682 301 728 piunt.
356 686 448 716 sunt
474 682 538 729 qui
564 679 726 716 tradant
752 682 790 715 in
819 692 928 715 armo
957 681 1002 715 iis
1031 677 1199 715 similem
1228 677 1345 713 lunae

178 756 262 780 esse
289 744 484 780 maculam
510 750 756 780 crescentem
786 745 825 778 in
855 742 992 779 orbem
1020 740 1175 792 seque1
1205 753 1345 778 cavan-

176 807 292 844 tem2
337 810 421 857 pari
464 807 612 844 modo³
680 820 783 844 nunc
827 809 968 850 varias,
1010 812 1053 843 et
1093 804 1236 855 pardos
1279 807 1344 854 qui

176 884 304 908 mares
324 877 430 915 sunt,
450 871 656 920 appellant
676 874 714 907 in
736 884 782 907 eo
802 873 907 907 omni
927 883 1090 920 genere,
1108 869 1346 906 creberrimo

177 937 217 970 in
232 935 367 971 Africa
381 934 574 985 Syriaque
588 947 597 978 ;
627 935 789 985 quidam
805 935 854 970 ab
870 933 929 971 his
945 933 1161 983 pantheras
1175 933 1346 970 candore

177 998 259 1035 solo
277 999 520 1042 discernunt,
539 1012 611 1035 nec
631 998 759 1035 adhuc
778 998 897 1034 aliam
917 997 1183 1034 differentiam
1201 999 1344 1033 inveni.

229 1062 374 1099 XXIV.
403 1062 574 1100 Senatus
611 1062 835 1099 consultum
873 1061 949 1098 fuit
987 1067 1101 1098 vetus
1131 1074 1180 1098 ne
1208 1061 1346 1097 liceret

177 1126 384 1163 Africanas
407 1129 447 1162 in
472 1126 632 1163 Italiam
656 1125 866 1163 advehere.
921 1131 1060 1162 contra
1082 1124 1156 1161 hoc
1179 1124 1273 1161 tulit
1296 1124 1347 1161 ad

178 1190 366 1239 populum
396 1190 467 1227 Cn.
498 1191 679 1227 Aufidius
708 1190 890 1227 tribunus
919 1189 1060 1239 plebis,
1089 1192 1347 1238 permisitque

177 1257 410 1290 circensium
430 1258 562 1304 gratia
584 1257 797 1304 inportare.
852 1256 1001 1303 primus
1022 1258 1158 1289 autem
1179 1252 1347 1289 Scaurus

178 1318 249 1354 in4
279 1318 485 1355 aedilitate
516 1332 587 1355 sua
618 1321 743 1355 varias
783 1331 827 1355 cr,
866 1320 1067 1354 universas
1105 1319 1226 1361 misit,
1255 1316 1346 1353 dein

177 1381 388 1431 Pompeius
429 1382 602 1432 Magnus
641 1394 765 1426 ccccx,
804 1382 915 1418 divus
955 1381 1160 1431 Augustus
1199 1393 1345 1418 ccccxx.

177 1445 300 1482 XXV.
333 1446 438 1483 idem
480 1446 527 1492 Q.
567 1446 777 1482 Tuberone
811 1445 948 1482 Paullo
990 1445 1110 1481 Fabio
1154 1445 1347 1481 Maxumo

177 1523 273 1547 coss.
310 1523 384 1546 1111.
420 1523 509 1546 non.
549 1510 645 1546 Mai.
680 1509 829 1546 theatri
871 1509 1053 1546 Marcelli
1095 1508 1346 1545 dedicatione

178 1576 313 1623 tigrim
351 1577 498 1623 primus
537 1577 711 1610 omnium
750 1574 900 1610 Romae
938 1573 1113 1610 ostendit
1151 1575 1189 1608 in
1225 1586 1344 1609 cavea

178 1637 508 1681 mansuefactam,
527 1638 638 1674 divus
659 1651 750 1674 vero
770 1637 957 1674 Claudius
976 1636 1091 1674 simul
1111 1650 1183 1673 1111.

276 1722 287 1741 ²
313 1723 469 1763 Mayhoff
482 1734 488 1752 :
512 1724 630 1754 orbem
646 1727 690 1757 et,
832 1723 843 1741 ²
867 1727 1067 1754 curvantem
1086 1722 1257 1763 Detlessen.

276 1769 288 1787 ³
313 1766 364 1797 υλ.
382 1766 483 1797 modo
500 1777 637 1797 cornua.
834 1766 845 1783 ⁴
870 1766 902 1796 in
919 1766 993 1796 add.
1010 1765 1174 1796 Frobeen.

217 1889 231 1903 ὓ
252 1883 271 1913 I
277 1894 312 1915 .e.
329 1884 363 1914 in
379 1883 437 1914 the
452 1883 556 1924 shape
572 1883 606 1914 of
622 1894 642 1914 a
659 1887 807 1914 crescent
822 1893 934 1919 moon,
952 1882 1109 1914 bounded
1124 1883 1167 1923 by
1185 1893 1205 1913 a
1218 1892 1345 1914 convex

174 1926 240 1957 and
255 1937 275 1956 a
290 1936 435 1957 concava
449 1936 560 1957 curve.

220 1969 231 1988 ⁰
256 1971 316 2000 114
336 1978 401 2000 B.c.
567 1973 579 1988 ⁰
600 1970 642 2000 58
660 1978 726 2000 Bc.
873 1968 888 1987 ‘²
912 1970 946 2000 11
968 1978 1031 2001 Bc.
