1482 2312
382 172 549 211 PLINY
563 187 572 210 ε
623 173 659 210 N
662 173 887 211 ATURAL
923 173 1160 211 HISTORY

183 277 393 327 rapacibus
411 278 517 320 unci,
534 278 678 313 ceteris
697 279 809 320 recti,
827 282 872 313 ut
889 276 1068 320 canibus,
1085 282 1247 326 praeter
1268 290 1359 314 eum

99 351 163 382 248
183 349 249 396 qui
292 359 315 382 a
356 358 468 383 crure
510 345 710 395 plerisque
754 345 969 395 dependet.
1035 348 1168 383 omnia
1215 346 1360 397 digitos

98 978 161 1010 249

98 1536 162 1568 250

183 415 335 453 habent
365 429 468 466 quae
497 415 634 465 pedes,
664 421 834 465 excepto
864 415 1103 465 elephant03
1135 415 1225 452 huic
1255 418 1358 453 enim

183 485 385 528 informes,
415 498 580 522 numero
610 485 772 534 quidem
802 487 991 534 quinque,
1021 484 1091 522 sed
1129 485 1281 522 indivisi
1312 498 1358 522 ac

184 554 326 592 leviter
355 555 529 598 discreti,
560 554 812 605 ungulisque,
844 567 922 591 non
954 554 1167 604 unguibus,
1198 555 1359 599 similes,

185 631 227 662 et
259 624 382 674 pedes
414 627 584 661 maiores
616 627 780 673 priores,
812 626 852 660 in
885 624 1169 673 posterioribus
1203 624 1358 661 articuli

183 694 338 738 breves,
372 693 479 730 idem
513 693 686 743 poplites
721 696 828 730 intus
863 693 990 730 flectit
1024 693 1192 730 hominis
1227 694 1359 738 modo,

182 769 319 801 cetera
351 763 539 800 animalia
571 766 610 799 in
644 763 843 800 diversum
876 764 1160 813 posterioribus
1193 764 1361 813 pedibus

183 847 303 884 quam
329 833 545 883 prioribus;
586 846 679 869 nam
705 846 809 883 quae
835 833 982 869 animal
1007 839 1204 883 generant
1229 846 1358 883 genua

184 909 279 940 ante
299 916 341 940 se
361 902 529 940 flectunt
551 908 592 939 et
612 901 870 953 suffraginum
891 908 1000 939 artus
1020 905 1060 938 in
1080 916 1274 940 aversum.

232 972 320 1010 CII.
350 973 512 1009 Homini
528 985 661 1023 genua
682 978 724 1009 et
739 972 875 1009 cubita
895 975 1118 1015 contraria3
1145 974 1244 1009 item
1265 975 1362 1010 ursis

184 1048 225 1079 et
254 1045 455 1079 simiarum
482 1045 636 1093 generi,
656 1042 706 1079 ob
733 1042 773 1079 id
802 1044 965 1079 minime
994 1042 1232 1092 pernicibus.
1289 1056 1362 1079 ova

182 1113 430 1163 parientibus
460 1111 767 1162 quadripedum,
796 1111 1008 1155 crocodilo,
1032 1111 1208 1155 lacertis,
1233 1115 1363 1162 priora

182 1195 315 1233 genua
336 1187 427 1231 post
443 1187 672 1225 curvantur,
693 1184 916 1231 posteriora
936 1183 976 1217 in
998 1183 1170 1231 priorem
1191 1187 1363 1231 partem,

182 1257 275 1289 sunt
294 1257 431 1288 autem
450 1265 565 1288 crura
583 1250 643 1288 his
662 1251 825 1301 obliqua
842 1250 1006 1287 humani
1025 1251 1177 1300 pollicis
1189 1250 1205 1273 1
1223 1251 1363 1295 modo;

182 1324 236 1359 sic
263 1327 305 1358 et
330 1320 618 1370 multipedibus
638 1326 925 1371 praeterquam
951 1323 1163 1357 novissima
1187 1320 1363 1358 salienti-

182 1392 268 1429 bus.
323 1404 415 1428 aves
454 1396 499 1428 ut
534 1390 801 1441 quadripedes
831 1390 914 1427 alas
946 1392 986 1426 in
1019 1393 1151 1439 priora
1182 1396 1363 1434 curvant,

182 1460 439 1511 suffraginem
463 1462 503 1496 in
528 1463 761 1510 posteriora.

232 1530 342 1568 CIII.
373 1531 556 1567 Hominis
586 1530 756 1581 genibus
788 1530 987 1580 quaedam
1019 1536 1061 1567 et
1090 1530 1230 1581 religio
1258 1532 1363 1567 inest

183 1602 461 1637 observatione
478 1602 674 1651 gentium.
729 1599 829 1636 haec
850 1599 1048 1649 supplices
1069 1602 1292 1650 attingunt,
1312 1599 1363 1636 ad

182 1669 282 1706 haec
304 1682 446 1706 manus
469 1668 659 1713 tendunt,
678 1668 779 1706 haec
802 1674 847 1705 ut
867 1682 955 1705 aras
979 1669 1163 1712 adorant,
1184 1668 1363 1706 fortassis

183 1741 277 1790 quia
319 1740 425 1776 inest
468 1741 514 1775 iis
559 1738 748 1775 vitalitas.
805 1751 980 1788 namque
1024 1740 1064 1774 in
1107 1741 1193 1788 ipsa
1235 1751 1362 1789 genus

183 1811 392 1859 utriusque
430 1810 703 1851 commissura,
741 1807 887 1845 dextra
924 1807 1135 1858 laevaque,
1172 1821 1195 1844 a
1232 1811 1361 1858 priore

182 1884 298 1929 parte
318 1880 479 1929 gemina
501 1877 700 1928 quaedam
715 1878 931 1914 buccarum
951 1880 1124 1914 inanitas
1144 1879 1263 1922 inest,
1283 1891 1362 1928 qua

182 1947 362 1999 perfossa
401 1961 475 1985 ceu
516 1947 651 1998 iugulo
692 1949 853 1997 spiritus
894 1946 994 1984 fluit.
1049 1949 1153 1984 inest
1194 1953 1236 1985 et
1275 1947 1361 1985 aliis

577 2043 589 2062 1
613 2040 752 2083 poplitis
768 2041 973 2074 Hermolaus.

182 2105 251 2153 588
