1482 2312
165 441 225 470 12ss

168 810 227 841 127

175 1364 233 1395 128

442 147 567 184 PLIN
571 147 606 183 Y
621 160 629 183 :
679 146 941 184 NATURAL
976 146 1210 184 HISTORY

244 251 439 288 lentorem
468 249 672 286 cuiusdam
701 261 816 286 cerae
845 248 1025 286 salivant.
1081 249 1196 286 simili
1226 249 1342 286 modo
1373 255 1413 286 et

249 315 430 355 murices,
478 311 547 347 sed
594 323 792 360 purpurae
841 310 977 347 florem
1023 310 1134 347 illum
1182 310 1412 361 tinguendis

247 376 471 423 expetitum
521 372 694 409 vestibus
741 374 781 407 in
828 371 967 409 mediis
1015 371 1165 408 habent
1213 371 1414 409 faucibus:

247 435 408 485 liquoris
429 434 490 471 hic
512 436 661 470 minimi
683 440 743 470 est
756 432 771 455 1
791 433 961 470 candida
977 446 1078 470 vena
1097 433 1203 471 unde
1220 436 1416 483 pretiosus

246 496 312 533 ille
345 496 508 539 bibitur,
542 498 735 545 nigrantis
768 508 881 531 rosae
914 494 1043 532 colore
1077 495 1310 538 sublucens3
1358 508 1416 532 re—

247 558 398 608 liquum
439 571 579 606 corpus
621 556 767 593 sterile.
824 559 928 593 vivas
970 570 1113 606 capere
1154 556 1418 601 contendunt,

249 623 341 670 quia
368 633 458 656 cum
486 622 567 655 vita
595 632 732 655 sucum
761 631 852 655 eum
881 624 1093 661 evomunt;
1136 624 1176 655 et
1205 619 1418 655 maioribus

251 681 410 732 quidem
435 683 617 730 purpuris
642 680 824 717 detracta
849 679 997 716 concha
1023 679 1224 724 auferunt,
1249 683 1419 718 minores

248 757 338 780 cum
351 748 458 779 testa
473 745 578 778 vivas
592 741 797 791 frangunt,
810 744 867 777 ita
880 741 1042 778 demum
1057 754 1149 778 eum
1165 748 1418 791 exspuentes.

251 805 344 855 Tyri
385 807 620 853 praecipuus
662 802 723 839 hic
765 804 899 846 Asiae,
943 804 1137 853 Meninge
1180 803 1338 840 Africae
1380 809 1421 840 et

251 866 424 903 Gaetulo
449 865 563 902 litore
590 867 741 908 oceani,
762 867 801 900 in
829 864 1025 901 Laconica
1046 865 1240 914 Europae.
1295 864 1422 902 fasces

251 927 340 965 huic
376 940 613 976 securesque
651 926 854 963 Romanae
892 929 996 962 viam
1032 926 1198 970 faciunt,
1236 926 1422 976 idemque

252 1003 321 1040 pro
353 992 564 1025 maiestate
595 991 792 1037 pueritiae
824 994 907 1031 est3
949 988 1159 1038 distinguit
1198 988 1248 1024 ab
1287 991 1422 1038 equite

251 1054 414 1094 curiam,
439 1050 497 1087 dis
523 1049 739 1086 advocatur
762 1049 980 1098 placandis,
1005 1062 1245 1099 omnemque
1271 1055 1422 1086 vestem

252 1113 476 1155 inluminat,
497 1114 536 1147 in
558 1110 789 1160 triumphali
810 1114 998 1148 miscetur
1019 1124 1126 1148 auro.
1182 1117 1425 1161 quapropter

255 1180 444 1212 excusata
460 1179 501 1210 et
517 1185 715 1223 purpurae
731 1175 782 1209 sit
798 1175 972 1216 insania3
1003 1172 1074 1210 sed
1090 1172 1194 1209 unde
1211 1171 1424 1223 conchyliis

254 1238 397 1286 pretia,
427 1238 513 1285 quis
544 1237 647 1271 virus
676 1247 797 1284 grave
826 1237 867 1270 in
895 1234 1000 1278 fuco,
1029 1234 1136 1271 color
1169 1240 1349 1272 austerus
1386 1237 1424 1270 in

253 1297 394 1348 glauco
420 1303 460 1333 et
484 1299 668 1333 irascenti
693 1295 828 1333 similis
852 1295 978 1332 mari?

310 1358 463 1409 Lingua
483 1371 681 1407 purpurae
699 1357 949 1408 longitudine
969 1357 1138 1407 digitali,
1157 1371 1235 1407 qua
1252 1360 1428 1406 pascitur

255 1420 492 1471 perforando
523 1420 674 1469 reliqua
702 1419 929 1469 conchylia:
972 1425 1087 1456 tanta
1115 1419 1262 1456 duritia
1290 1419 1427 1456 aculeo

257 1489 329 1520 est.
386 1495 513 1532 aquae
553 1481 763 1518 dulcedine
802 1487 997 1518 necantur
1036 1486 1078 1517 et
1117 1481 1240 1518 sicubi
1279 1480 1427 1518 flumen

257 1547 506 1594 inmergitur,
538 1543 682 1593 alioqui
715 1548 859 1592 captae
892 1548 933 1579 et
965 1542 1105 1579 diebus
1138 1545 1427 1593 quinquagenis

258 1608 394 1642 vivunt
424 1605 545 1641 saliva
575 1618 657 1641 sua.
710 1603 885 1641 conchae
923 1617 1060 1641 omnes
1092 1604 1297 1640 celerrime
1327 1617 1428 1640 cres-

258 1673 368 1711 cunt,
415 1669 628 1716 praecipue
675 1677 897 1715 purpurae;
959 1678 1062 1702 anno
1110 1665 1427 1716 magnitudinem

258 1728 437 1778 implent.

674 1789 687 1809 ¹
712 1787 886 1828 Maylwff:
910 1791 962 1819 est
978 1787 1024 1819 in.

299 1913 315 1928 ⁰
337 1908 408 1939 The
431 1907 615 1938 references
636 1917 693 1937 are
714 1909 750 1937 to
771 1905 830 1936 the
851 1906 970 1947 purple
991 1905 1112 1946 stripes
1133 1916 1177 1936 on
1197 1905 1256 1936 the
1276 1909 1373 1947 togas
1394 1905 1432 1937 of

257 1951 399 1987 conquS,
426 1951 508 1991 boys
531 1949 569 1981 of
588 1949 687 1980 noble
710 1949 839 1990 family,
863 1953 1016 1979 senators
1039 1948 1128 1986 (who
1151 1948 1219 1979 had
1241 1948 1301 1980 the
1324 1948 1427 1980 broad

257 1995 386 2036 stripe),
405 1994 537 2033 equites,
554 1992 623 2024 and
641 1993 762 2033 priests
780 1991 986 2033 performing
1004 1991 1180 2023 sacrifices.

259 2056 328 2101 248
