1482 2312
103 275 164 306 194

103 583 163 613 195

107 1016 165 1046 196

107 1511 163 1542 197

387 166 576 205 PLINY:
628 168 890 205 NATURAL
927 167 1163 206 HISTORY

186 277 323 307 carent
354 284 401 307 eo
430 284 531 321 quae
559 270 756 321 apsinthio
786 276 997 308 vescuntur
1025 273 1065 308 in
1096 269 1236 308 Ponto.
1294 271 1364 309 sed

188 333 345 369 renibus
375 338 416 369 et
445 338 559 382 parte
588 338 747 369 tantum
765 332 779 355 1
809 332 935 369 altera
964 334 1154 369 intestino
1184 335 1363 383 iungitur

189 395 227 429 in
243 396 379 437 corvis,
395 394 674 438 coturnicibus,
691 393 903 444 phasianis,
920 394 1156 444 quibusdam
1172 396 1362 431 intestino

188 460 359 499 tantum,
388 461 432 492 ut
460 457 499 491 in
527 455 730 499 columbis,
758 457 961 505 accipitre,
989 457 1183 499 murem'83
1227 457 1361 506 paucis

188 519 318 553 avium
363 519 401 552 in
446 519 585 554 iecore.
674 517 923 567 serpentibus
967 519 1147 567 portione
1191 519 1363 553 maxime

186 580 386 628 copiosum
407 584 448 615 et
467 579 650 628 piscibus.
706 577 866 615 avibus2
886 584 1022 615 autem
1042 584 1104 615 est·
1123 584 1210 615 toto
1229 578 1363 629 pleris-

189 653 265 689 que
289 642 492 685 intestino,
516 643 619 677 sicut
643 642 836 690 accipitri,
861 639 1001 683 milvo;
1024 645 1234 690 praeterea
1258 646 1300 677 et
1323 642 1362 676 in

189 704 315 738 iecore
339 708 414 745 est,
431 708 475 739 ut
494 704 593 739 cetis
614 701 826 739 omnibus.³
871 701 1002 738 vitulis
1024 701 1185 752 quidem
1205 704 1363 738 marinis

188 763 238 800 ad
270 764 395 800 multa
438 777 595 814 quoque
637 763 779 800 nobile.
836 770 1038 800 taurorum
1085 763 1176 800 felle
1225 776 1365 800 aureus

188 825 344 862 ducitur
380 826 506 869 color;
556 825 782 876 haruspices
819 826 859 862 id
896 825 1083 876 Neptuno
1131 831 1173 862 et
1221 827 1364 862 umoris

189 891 393 937 potentiae
417 888 614 933 dicavere,
637 890 922 939 geminumque
954 886 1031 924 fuit
1061 887 1151 924 divo
1183 888 1365 938 Augusto

190 963 267 999 quo
287 950 351 987 die
373 950 478 1000 apud
499 951 660 987 Actium
681 952 785 987 vicit.

245 1011 425 1048 LXXVI.
458 1011 634 1049 Murium
670 1012 875 1049 iocusculis
912 1012 1033 1049 fibrae
1070 1012 1121 1048 ad
1157 1025 1365 1048 numerum

191 1074 304 1111 lunae
346 1076 385 1110 in
427 1087 563 1111 mense
605 1087 822 1125 congruere
865 1073 1063 1118 dicuntur,
1107 1073 1358 1123 totidemque

190 1138 352 1172 inveniri
386 1142 552 1186 quotum
584 1135 718 1173 lumen
749 1139 832 1173 eius
864 1138 937 1180 sit3
984 1142 1192 1186 praeterea
1222 1136 1363 1172 bruma

190 1200 417 1235 increscere.
473 1197 741 1235 cuniculorum
779 1203 874 1234 exta
911 1199 951 1234 in
994 1196 1156 1234 Baetica
1204 1199 1363 1248 gemina

190 1274 308 1310 saepe
334 1263 596 1311 reperiuntur.
653 1273 836 1296 ranarum
861 1258 1093 1296 rubetarum
1117 1259 1243 1296 altera
1267 1258 1364 1295 fibra

190 1336 212 1358 a
256 1321 426 1359 formicis
474 1335 551 1359 non
596 1324 809 1372 attingitur
853 1327 1015 1372 propter
1060 1334 1272 1365 venenum,
1318 1326 1362 1357 ut

189 1384 440 1420 arbitrantur.
498 1386 605 1420 iecur
637 1386 810 1420 maxime
846 1385 1056 1420 vetustatis
1086 1385 1242 1433 patiens
1272 1395 1363 1419 cen-

189 1448 291 1482 tenis
317 1445 458 1482 durare
485 1447 596 1482 annis
623 1444 871 1481 obsidionum
899 1444 1082 1494 exempla
1098 1442 1114 1464 4
1140 1443 1362 1494 prodidere.

242 1506 443 1543 LXXVII.
480 1507 586 1543 Exta
636 1506 885 1556 serpentibus
937 1511 978 1542 et
1028 1505 1184 1542 lacertis
1233 1504 1363 1555 longa.

191 1568 384 1605 Caecinae
420 1568 678 1605 Volaterrano
711 1568 902 1604 dracones
936 1569 1142 1604 emicuisse
1176 1566 1226 1603 de
1261 1568 1363 1603 extis

194 1629 296 1667 laeto
319 1630 498 1681 prodigio
521 1629 714 1673 traditur-3
752 1635 793 1666 et
815 1628 995 1679 profecto
1017 1627 1112 1665 nihil
1135 1626 1364 1665 incredibile

253 1719 260 1734 ¹
286 1720 400 1746 tamen
419 1715 459 1746 M
462 1715 582 1755 ayltoff.

247 1760 258 1777 ²
282 1758 403 1789 avibus
419 1758 493 1790 add.
512 1758 619 1798 Silliq.

248 1803 259 1819 ³
283 1802 329 1833 sic
348 1802 416 1833 edd.
433 1814 440 1833 :
472 1806 647 1843 praeterea
664 1806 699 1832 et
716 1803 750 1833 in
769 1806 905 1842 pectore
922 1806 973 1832 est
991 1806 1024 1832 et
1043 1801 1161 1831 ceteris
1179 1800 1310 1832 avibus.

246 1844 259 1862 ⁴
281 1844 417 1875 nomina
432 1849 601 1875 auctorum
617 1843 653 1874 in
670 1843 723 1875 his
738 1843 834 1875 latere
851 1842 1000 1874 videnlur
1011 1854 1021 1874 :
1052 1842 1092 1874 M
1094 1841 1213 1882 ayhoff.

235 1952 247 1965 '¹
270 1947 392 1978 Defeat
411 1947 445 1978 of
464 1947 615 1987 Antony,
635 1948 673 1978 31
697 1955 761 1978 Β.ο.

234 1990 246 2009 ⁶
269 1989 438 2031 Probably
456 1990 514 2021 the
532 1990 633 2021 Latin
656 1990 683 2020 is
700 1994 839 2030 corrupt
857 1989 926 2020 and
945 1989 1097 2020 conceals
1116 1988 1173 2019 the
1197 1996 1315 2018 names
1332 1987 1367 2018 of

188 2033 389 2065 authorities
403 2033 455 2064 for
470 2032 528 2064 the
543 2036 738 2064 statement.

193 2101 259 2138 554
