1482 2312
121 501 161 531 97

141 1078 181 1107 98

143 1463 183 1492 99

403 134 568 173 PLINY
583 149 592 173 z
642 136 905 174 NATURAL
940 136 1175 175 HISTORY

204 238 335 275 hieme
378 241 510 288 aprica
552 238 667 275 litora
709 244 929 282 sectantur,
972 245 1128 276 aestate
1173 243 1209 275 in
1251 253 1375 290 opaca

204 305 409 353 gurgitum
459 302 664 339 recedunt.
719 305 852 339 omnia
903 305 987 340 eius
1036 306 1194 353 generis
1244 303 1375 341 hieme

204 366 431 410 laeduntur,
459 372 652 403 autumno
681 372 723 403 et
752 379 843 403 vere
872 369 1152 417 pinguescunt,
1182 373 1222 404 et
1251 367 1374 417 pleni-

205 430 311 467 lunio
329 433 469 480 magis‚
487 433 580 480 quia
596 436 714 466 nocte
731 430 838 467 sidus
855 431 992 480 tepido
1009 430 1163 481 fulgore
1180 431 1375 468 mitificat.

258 493 324 531 LI.
354 494 594 530 Cancrorum
643 507 793 544 genera
840 495 987 538 carabi,
1037 498 1174 539 astaci,
1224 508 1378 539 maeae,

205 561 359 608 paguri,
408 558 687 602 Heracleotici,
735 558 868 595 leones
917 564 959 595 et
1006 558 1083 595 alia
1131 559 1375 609 ignobiliora.

205 622 336 659 carabi
357 621 485 658 cauda
504 635 527 658 a
553 625 697 659 ceteris
723 625 872 659 cancris
899 622 1073 666 distant3
1114 625 1153 659 in
1182 622 1378 660 Phoenice

207 685 351 736 hippoe
377 692 581 730 vocantur,
605 692 746 723 tantae
771 686 993 723 velocitatis
1018 692 1063 723 ut
1087 690 1273 737 consequi
1300 700 1378 724 non

207 753 270 788 sit.
333 753 484 787 cancris
521 753 602 787 vita
638 750 769 800 longa.
824 750 948 800 pedes
985 753 1131 794 octoni,
1167 764 1304 788 omnes
1339 753 1379 787 in

207 814 408 864 obliquom
440 814 555 858 flexi3
601 814 774 851 feminae
806 818 955 864 primus
986 828 1056 864 pes
1087 814 1250 864 duplex,
1281 818 1378 851 mari

207 879 386 928 simplex,
445 884 655 928 praeterea
684 879 778 915 bina
807 878 991 915 bracchia
1020 879 1275 916 denticulatis
1304 879 1380 916 for-

209 943 367 986 ficibus3
417 945 595 992 superior
630 956 719 992 pars
756 945 795 978 in
831 943 1067 992 primoribus
1102 942 1162 980 his
1199 949 1381 980 movetur

209 1006 392 1044 inferiore
428 1007 631 1044 immobili.
686 1006 899 1044 dexterum
934 1006 1162 1044 bracchium
1199 1007 1380 1044 omnibus

208 1074 345 1107 maius.
401 1074 570 1108 universi
597 1071 811 1121 aliquando
836 1077 1142 1121 congregantur.
1198 1085 1240 1108 os
1265 1071 1379 1109 Ponti

209 1138 389 1172 evincere
416 1148 494 1171 non
516 1135 664 1179 valent,
686 1135 944 1185 quamobrem
967 1137 1114 1185 egressi
1135 1137 1380 1173 circumeunt

210 1205 458 1249 apparetque
490 1202 630 1236 tritum
671 1202 757 1236 iter.
812 1202 1014 1248 pinoteres
1055 1206 1217 1236 vocatur
1256 1202 1380 1236 minu-

209 1277 295 1300 mus
335 1277 384 1300 ex
424 1266 528 1300 omni
569 1276 731 1314 genere,
771 1263 861 1300 ideo
900 1269 1146 1313 opportunus
1202 1266 1379 1301 iniuriae.

210 1327 299 1364 huic
345 1328 521 1365 sollertia
569 1334 628 1364 est
675 1331 852 1364 inanium
899 1333 1121 1364 ostrearum
1168 1330 1283 1365 testis
1339 1341 1381 1365 se

209 1392 380 1429 condere
429 1398 470 1429 et
517 1405 607 1428 cum
654 1392 875 1429 adcreverit
927 1395 1097 1442 migrare
1145 1394 1184 1428 in
1229 1395 1381 1442 capaci-

209 1470 308 1493 ores.
372 1459 501 1493 cancri
535 1460 574 1492 in
606 1469 752 1506 pavore
785 1462 826 1493 et
859 1459 1017 1493 retrorsi
1051 1459 1134 1505 pari
1168 1455 1381 1493 velocitate

210 1520 392 1557 redeunt.
447 1521 638 1557 dimicant
682 1523 786 1557 inter
829 1533 871 1557 se
915 1526 959 1557 ut
1004 1523 1163 1564 arietes,
1208 1520 1381 1557 adversis

210 1585 392 1622 cornibus
420 1587 677 1622 incursantes.
733 1590 871 1622 contra
898 1587 1144 1634 serpentium
1171 1587 1272 1621 ictus
1300 1597 1379 1621 me-

210 1649 367 1686 dentur.
423 1649 504 1686 sole
529 1652 657 1685 cancri
683 1652 839 1699 signum
866 1654 1101 1685 transeunte
1127 1654 1169 1685 et
1195 1651 1381 1698 ipsorum,

210 1727 300 1750 cum
317 1716 534 1750 exanimati
551 1716 644 1757 sint,
659 1726 799 1763 corpus
814 1712 1087 1763 transfigurari
1104 1715 1143 1748 in
1158 1715 1382 1762 scorpiones

212 1784 395 1814 narratur
417 1781 456 1813 in
478 1780 591 1814 sicco.

254 1910 268 1968 αὖ
289 1906 542 1981 gjlieIchgilJmon
569 1949 665 1987 crab;
705 1949 764 1981 the
791 1948 1056 1980 identifications
1081 1948 1116 1980 of
1141 1948 1200 1980 the
1225 1948 1380 1980 varieties

209 1993 286 2024 that
300 1992 409 2023 follow
423 2003 479 2024 are
492 1993 648 2024 dubious.

215 2054 284 2090 228
