1482 2368
412 130 577 169 PLINY
591 145 599 169 ε
650 131 910 169 NATURAL
945 131 1177 168 HISTORY

210 234 328 272 veluti
379 234 520 271 tellure
569 235 748 284 precibus
798 234 980 284 allegata.
1037 247 1126 270 nam
1176 233 1280 284 quod
1329 233 1377 270 ad

209 304 452 340 docilitatem
468 306 614 340 attinet
631 316 765 353 regern
783 303 962 347 adorant,
978 317 1108 353 genua
1125 304 1378 346 submittunt,

208 386 368 410 coronas
389 375 604 423 porrigunt.
663 373 768 409 Indis
791 378 903 408 arant
925 375 1108 417 minores,
1129 386 1226 422 quos
1247 372 1377 422 appel-

209 441 292 479 lant
311 441 464 479 nothos.

168 519 185 546 4
257 511 308 548 ΙΙ.
339 511 486 548 Romae
511 513 633 547 iuncti
659 514 827 561 primum
853 512 1009 547 subiere
1034 524 1191 547 currum
1219 510 1377 561 Pompei

211 580 347 630 Magni
384 579 568 616 Africano
602 579 815 629 triumpho,
850 580 953 630 quod
991 582 1095 629 prius
1132 580 1244 617 India
1279 582 1381 617 victa

210 648 478 699 triumphante
530 649 673 686 Libero
723 655 835 699 patre
887 655 1138 686 memoratur.
1198 648 1380 686 Procilius

209 724 329 769 negat
375 721 548 768 potuisse
596 717 755 768 Pompei
804 718 1002 768 triumpho
1048 721 1199 755 iunctos
1245 719 1379 769 egredi

207 793 333 838 porta.
389 788 612 824 Germanici
634 787 811 824 Caesaris
831 801 994 824 munere
1014 788 1248 838 gladiatorio
1268 802 1377 838 quos-

207 857 300 894 dam
329 859 450 894 etiam
480 856 698 893 inconditos
733 856 914 894 meatus¹
961 857 1121 894 edidere
1151 857 1380 894 saltantium

167 926 333 963 5modo.
389 926 548 976 vulgare
590 932 675 963 erat
723 939 792 976 per
833 940 945 962 auras
988 940 1096 963 arma
1137 929 1262 964 iacere
1306 940 1380 963 non

208 995 479 1033 auferentibus
509 998 634 1032 ventis
663 1001 784 1045 atque
812 998 916 1032 inter
943 1009 984 1032 se
1011 995 1265 1046 gladiatorios
1292 1010 1380 1033 con-

207 1078 363 1115 gressus
406 1065 523 1102 edere
566 1070 635 1101 aut
680 1064 892 1101 lascixienti
936 1064 1116 1115 pyrriche
1158 1065 1379 1103 conludere.

208 1140 347 1184 postea
370 1140 411 1171 et
433 1147 503 1184 per
526 1134 639 1170 funes
661 1136 869 1178 incessere,
893 1133 1039 1171 lecticis
1062 1137 1183 1171 etiam
1207 1134 1380 1172 ferentes

210 1206 396 1253 quaterni
441 1202 616 1253 singulos
657 1216 875 1252 puerperas
916 1206 1134 1247 imitantes,
1174 1203 1380 1254 plenisque

209 1272 366 1309 homine
387 1272 561 1309 tricliniis
582 1273 807 1309 accubitum
827 1275 907 1309 iere
928 1286 998 1323 per
1018 1273 1139 1310 lectos
1160 1276 1215 1309 ita
1231 1273 1380 1310 libratis

168 1348 186 1377 6
207 1345 380 1393 vestigiis
442 1355 490 1379 ne
552 1345 637 1392 quis
685 1345 907 1392 potantium
970 1346 1248 1392 attingeretur.
1306 1343 1378 1380 ΙΙΙ.

210 1412 372 1449 Certum
410 1418 471 1448 est
510 1425 629 1449 unum
668 1412 847 1448 tardioris
887 1415 1028 1462 ingenii
1069 1415 1107 1448 in
1145 1413 1381 1462 accipiendis

210 1494 310 1531 quae
359 1481 620 1518 tradebantur
666 1484 821 1530 saepius
868 1484 1107 1531 castigatum
1155 1483 1380 1519 verberibus

210 1550 350 1587 eadem
394 1550 457 1586 illa
501 1550 763 1587 meditantem
808 1556 925 1587 noctu
970 1557 1183 1600 repertum.
1239 1553 1380 1588 mirum

209 1625 251 1657 et
289 1619 459 1656 adversis
498 1619 657 1669 quidem
693 1619 849 1656 funibus
888 1619 1031 1664 subire,
1070 1620 1139 1657 sed
1178 1621 1380 1657 maxime2

211 1688 396 1739 regredi,³
422 1691 559 1738 utique
589 1691 730 1738 pronis.
788 1688 996 1726 Mucianus
1025 1701 1067 1725 111
1089 1689 1221 1726 consul
1245 1696 1381 1727 auctor

211 1764 270 1795 est
298 1758 467 1808 aliquem
496 1771 543 1795 ex
574 1758 631 1795 his
658 1764 699 1795 et
729 1758 949 1795 litterarum
974 1759 1116 1796 ductus
1140 1759 1379 1796 Graecarum

210 1827 389 1865 didicisse
415 1828 652 1877 solitumque
678 1827 919 1877 perscribere
945 1830 1027 1865 eius
1053 1828 1209 1879 linguae
1231 1829 1378 1866 verbis:

449 1915 460 1932 ¹
485 1917 536 1945 vd.
557 1920 679 1945 motus.

447 1957 460 1975 ²
483 1959 630 1988 maxime
647 1957 697 1987 hic
717 1957 889 1998 Mayhoff:
912 1962 986 1997 post
1002 1959 1134 1990 mirum.

449 2001 462 2020 ³
486 2000 539 2032 v.l.
559 2001 687 2041 regredi
705 2001 821 2041 magis.
