1482 2312
145 441 206 470 15ss

145 1079 204 1111 157

143 1400 203 1430 158

427 138 592 176 PLINY
607 152 616 176 z
666 139 928 176 NATURAL
964 138 1199 176 HISTORY

227 242 368 286 fetum,
403 255 494 278 mox
529 244 667 278 incerti
703 241 899 291 singultus
934 241 1099 278 sollicite
1135 243 1399 285 convocantis,

227 313 427 356 postremo
449 305 624 342 lamenta
644 308 747 342 eirca
768 308 941 355 piscinae
963 311 1107 355 stagna
1127 306 1399 355 mergentibus

227 384 268 407 se
287 371 403 420 pullis
423 376 565 406 natura
583 369 695 406 duce.

281 434 483 470 LXXVII.
514 433 758 470 Gallinarum
782 435 1028 482 generositas
1053 438 1257 482 spectatur
1281 435 1400 468 crista

226 504 349 539 recta,
363 500 523 534 interim
538 503 579 534 et
593 500 767 547 gemina,
782 499 921 547 pennis
937 499 1071 547 nigris,
1086 510 1152 533 ore
1168 496 1400 539 rubicundo,

226 562 360 611 digitis
380 562 594 611 inparibus,
614 561 826 611 aliquando
846 567 887 597 et
907 574 1025 610 super
1045 566 1235 610 quattuor
1254 560 1400 610 digitos

227 632 402 662 traverso
437 639 524 662 uno.
581 625 631 661 ad
665 638 747 661 rem
782 625 956 661 divinam
991 624 1100 661 luteo
1134 630 1259 660 rostro
1291 623 1400 674 pedi-

226 690 378 739 busque
420 702 542 739 purae
583 702 661 725 non
702 689 900 732 videntur,
941 689 991 725 ad
1032 695 1250 738 opertanea
1292 701 1401 724 sacra

226 757 373 804 nigrae.
430 760 490 790 est
514 759 555 790 et
578 753 836 803 pumilionum
860 766 985 803 genus
1009 766 1085 788 non
1109 752 1243 789 sterile
1265 754 1305 788 in
1328 751 1401 795 his,

226 818 331 868 quod
360 831 437 854 non
465 820 503 854 in
532 817 607 853 alio
634 830 782 867 genere
810 817 963 859 alitum,
992 817 1061 853 sed
1089 817 1231 866 quibus
1259 815 1399 852 certal

226 881 449 918 fecunditas
467 895 554 917 rara
572 887 612 918 et
630 882 832 918 incubatio
849 883 930 917 ovis
948 883 1077 917 noxia.

279 945 504 982 LXXVIII.
536 945 809 982 Inimicissima
829 951 965 981 autern
987 944 1115 981 omni2
1135 947 1271 994 generi
1292 946 1396 994 pitu-

225 1013 293 1051 ita,
326 1012 578 1059 maximeque
608 1012 712 1046 inter
736 1012 873 1045 messis
902 1022 946 1045 ac
974 1008 1196 1045 vindemiae
1226 1015 1397 1058 tempus.

227 1074 424 1111 medicina
443 1076 483 1110 in
503 1073 608 1110 fame
626 1079 667 1110 et
683 1074 840 1110 cubitus
856 1075 895 1109 in
912 1072 1034 1116 fumo,
1051 1075 1188 1122 utique
1205 1074 1236 1109 si
1253 1085 1274 1109 e
1290 1071 1401 1108 lauru

226 1144 296 1174 aut
326 1137 450 1174 herba
480 1139 618 1174 sabina
649 1137 732 1181 fiat,
763 1150 896 1187 penna
926 1150 997 1187 per
1027 1143 1222 1173 traversas
1254 1139 1402 1173 inserta

226 1215 339 1239 nares
359 1208 400 1238 et
419 1215 489 1252 per
508 1215 644 1238 omnes
663 1201 747 1238 dies
766 1207 889 1244 mota,
907 1202 1017 1237 cibus
1037 1200 1156 1237 alium
1175 1214 1266 1237 cum
1284 1199 1400 1244 farre,

226 1272 295 1303 aut
321 1280 424 1316 aqua
448 1265 630 1316 perfusus
655 1268 695 1301 in
720 1279 799 1315 qua
823 1265 1022 1302 maduerit
1047 1271 1193 1301 noctua
1218 1270 1287 1301 aut
1311 1277 1400 1301 cum

226 1333 375 1367 semine
397 1333 486 1366 vitis
507 1330 620 1367 albae
641 1335 790 1373 coctus,
811 1343 855 1365 ac
876 1329 1073 1378 quaedam
1094 1328 1181 1365 alia.

279 1394 462 1430 LXXIX.
493 1393 709 1430 Columbae
743 1396 900 1443 proprio
934 1395 1012 1429 ritu
1045 1392 1272 1429 osculantur
1306 1398 1399 1429 ante

224 1461 385 1494 coitum.
441 1461 600 1508 pariunt
618 1457 700 1494 fere
718 1458 812 1493 bina
829 1470 915 1501 ova,
933 1459 990 1493 ita
1007 1463 1150 1493 natura
1166 1456 1400 1493 moderante

226 1528 269 1558 ut
287 1522 370 1558 aliis
387 1523 559 1558 crebrior
575 1524 627 1558 sit
643 1521 763 1565 fetus,
781 1521 864 1557 aliis
882 1523 1136 1557 numerosior.
1191 1520 1400 1570 palumbus

225 1592 267 1622 et
297 1592 429 1622 turtur
459 1586 672 1636 plurimum
703 1592 818 1622 terna
848 1597 921 1621 nec
951 1584 1037 1635 plus
1069 1597 1187 1634 quam
1217 1585 1277 1620 bis
1307 1597 1399 1621 vere

224 1652 397 1700 pariunt‚
418 1655 539 1699 atque
560 1652 617 1686 ita
637 1649 714 1693 ut‚3
733 1651 763 1685 si
784 1651 890 1698 prior
909 1647 1015 1685 fetus
1035 1653 1242 1698 corruptus
1263 1653 1338 1691 est,
1358 1653 1400 1685 et

224 1716 403 1763 quamvis
446 1716 523 1750 tria
565 1715 810 1763 pepererint,
855 1726 1072 1762 numquam
1116 1712 1203 1761 plus
1246 1711 1399 1748 duobus

225 1777 419 1821 educant3
460 1780 625 1814 tertium
651 1776 758 1827 quod
784 1779 947 1813 inritum
974 1782 1035 1813 est
1061 1778 1217 1812 urinum
1244 1781 1397 1812 vocant.

325 1864 337 1882 ¹
360 1863 425 1895 all.
445 1868 575 1899 contra,
592 1867 720 1894 centra.
908 1863 920 1881 ²
945 1861 1101 1902 Mayhoff
1112 1873 1119 1892 ε
1145 1861 1311 1892 omnium.

635 1906 647 1924 ³
671 1911 712 1937 ut,
728 1905 803 1936 add.
821 1905 996 1945 Deilessen.

528 1995 543 2010 ⁰
567 1991 740 2023 sacrifices
759 1995 795 2022 to
814 1991 872 2022 the
892 1991 988 2021 Bona
1006 1990 1089 2022 Dea.

222 2059 291 2094 39²
