1482 2312
192 393 231 425 72

192 779 231 809 73

196 1421 235 1449 74

455 157 621 195 PLINY
635 171 644 195 ε
696 157 842 195 NATU
850 157 957 194 RAL
994 156 1228 195 HISTORY

255 262 338 298 cius
360 260 536 311 adligato
558 260 670 297 nodis
692 260 931 310 significaret
955 265 1077 310 quoto
1099 259 1162 296 die
1186 259 1423 296 adveniente

257 324 401 361 auxilio
421 327 577 375 eruptio
597 324 680 361 fieri
700 324 878 361 deberet.

307 389 470 425 XXXV.
499 389 663 425 Abeunt
702 394 744 425 et
781 387 956 424 merulae
994 387 1180 437 turdique
1219 393 1261 424 et
1299 389 1422 424 sturni

256 452 370 488 simili
391 452 509 489 modo
529 455 569 488 in
590 454 737 495 vicina3
773 452 843 488 sed
862 451 902 487 hi
923 451 1099 501 plumam
1120 464 1197 487 non
1219 453 1424 495 amittunt,

256 529 329 553 nec
345 516 608 560 occultantur,
624 518 694 552 visi
711 529 830 565 saepe
846 517 899 552 ibi
917 529 994 565 quo
1010 515 1219 552 hibernum
1235 514 1424 564 pabulum

255 586 413 630 petunt.
467 583 603 630 itaque
635 583 675 616 in
708 580 921 616 Germania
951 579 1082 616 hieme
1113 581 1286 616 maxime
1317 578 1423 615 turdi

255 650 482 681 cernuntur.
555 647 683 681 verius
731 650 861 680 turtur
915 643 1149 687 occultatur,
1205 645 1424 693 pinnasque

257 711 419 745 amittit.
475 709 625 745 abeunt
660 714 701 745 et
734 707 963 758 palumbes3
1011 720 1183 757 quonam
1218 713 1259 744 et
1292 709 1332 743 in
1365 706 1424 743 his

258 774 464 809 incertum.
520 778 745 810 sturnorum
779 774 915 822 generi
949 774 1150 822 proprium
1193 773 1426 808 catervatim

258 836 387 873 volare
416 843 458 874 et
486 836 658 886 quodam
685 836 788 886 pilae
819 837 913 873 orbe
941 838 1151 886 circumagi
1181 836 1360 872 omnibus
1387 837 1427 871 in

258 901 433 937 medium
464 914 609 951 agmen
638 901 912 937 tendentibus.
968 900 1167 937 volucrum
1198 899 1267 936 soli
1297 899 1428 936 hirun—

257 964 339 1001 dini
360 964 523 1002 flexuosi
545 964 697 1001 volatus
718 964 832 1001 velox
853 964 1049 1008 celeritas,
1070 965 1211 1014 quibus
1232 977 1281 1000 ex
1301 966 1427 1000 causis

258 1042 388 1078 neque
418 1031 578 1079 rapinae
607 1035 829 1066 ceterarum
859 1028 998 1065 alitum
1033 1029 1203 1065 obnoxia
1236 1033 1308 1065 est.
1365 1041 1428 1064 ea-

258 1093 350 1129 dem
371 1092 385 1116 l
406 1092 487 1130 sola
508 1095 637 1130 avium
658 1095 810 1129 nonnisi
831 1095 870 1129 in
891 1092 1024 1129 volatu
1043 1094 1228 1142 pascitur.

309 1157 493 1194 XXXVI.
522 1157 761 1207 Temporum
807 1170 953 1207 magna
999 1155 1223 1193 differentia
1268 1157 1426 1193 avibus:

258 1234 467 1271 perennes,
498 1227 543 1258 ut
573 1221 794 1265 columbae,
825 1227 1079 1265 semenstres,
1111 1226 1155 1257 ut
1185 1220 1427 1265 hirundines,

258 1287 521 1330 trimenstres,
550 1292 595 1322 ut
624 1285 745 1330 turdi,
774 1291 949 1322 turtures
979 1291 1020 1322 et
1050 1298 1152 1335 quae
1181 1298 1271 1321 cum
1300 1284 1427 1322 fetum

260 1349 434 1387 eduxere
454 1351 618 1394 abeunt,
636 1356 681 1387 ut
699 1349 861 1400 galguli‚
880 1362 1050 1400 upupae.

314 1414 521 1450 XXXVII.
551 1415 744 1451 Auctor-es
775 1420 866 1450 sunt
895 1414 1075 1450 omnibus
1106 1415 1215 1450 annis
1245 1412 1427 1450 advolare

261 1477 376 1514 Ilium
400 1491 448 1515 ex
473 1478 687 1528 Aethiopia
710 1491 801 1515 aves
825 1484 867 1515 et
889 1477 1100 1528 confligere
1125 1477 1175 1514 ad
1201 1477 1426 1514 Memnonis

261 1541 471 1586 tumulum,
489 1556 585 1592 quas
603 1543 652 1579 ob
669 1542 709 1579 id
728 1542 1006 1579 Memnonidas
1023 1548 1177 1578 vocant.
1232 1541 1305 1578 hoc
1321 1541 1429 1578 idem

261 1608 399 1656 quinto
431 1620 588 1656 quoque
620 1620 722 1643 anno
753 1606 883 1643 facere
915 1619 981 1643 eas
1011 1608 1051 1642 in
1082 1605 1297 1656 Aethiopia
1326 1608 1428 1642 circa

263 1673 411 1720 regiam
430 1671 655 1707 Memnonis
672 1670 921 1721 exploratum
937 1671 1009 1707 sibi
1026 1670 1250 1707 Cremutius
1266 1669 1401 1706 tradit,

315 1734 543 1771 XXXVIII.
573 1734 694 1771 Simili
725 1735 842 1771 modo
879 1740 1060 1785 pugnant
1092 1733 1352 1784 meleagrides
1389 1736 1427 1770 in

264 1797 447 1842 Boeotia3
474 1798 631 1836 Africae
652 1798 725 1835 hoc
741 1804 802 1835 est
817 1798 1050 1848 gallinarum
1066 1811 1191 1848 genus
1207 1798 1429 1848 gibberum,

630 1892 642 1911 ²
667 1892 840 1932 Mayhoff:
866 1902 905 1923 ea
920 1891 1070 1923 demum.

701 2020 716 2034 ‘¹
743 2016 981 2049 Guinea-hens.

261 2079 331 2127 3³8
