1482 2312
145 343 206 373 154

145 1077 207 1107 155

146 1504 206 1535 156

422 111 586 149 PLINY
602 126 610 149 :
661 111 923 150 NATURAL
959 111 1194 150 HISTORY

227 214 515 258 adnotaverim,
541 217 764 264 accepimus
792 220 834 251 et
860 220 1088 264 serpentem
1113 215 1281 252 latrasse
1306 228 1396 252 cum

227 276 361 325 pulsus
385 281 445 312 est
468 288 591 325 regno
613 275 860 325 Tarquinius.

279 337 420 373 LXIV.
450 337 592 374 Eidem
623 337 853 374 Alexandro
884 343 926 374 et
957 340 1048 387 equi
1080 350 1227 387 magna
1256 340 1397 375 raritas

227 401 407 448 contigit.
462 397 719 447 Bucephalan
741 411 831 434 eum
852 404 1042 435 vocarunt
1062 401 1143 435 sive
1164 399 1214 435 ab
1234 404 1398 448 aspectu

227 465 340 496 torvo
369 462 451 496 sive
481 459 530 495 ab
560 462 702 509 insigni
732 461 879 496 taurini
908 462 1050 509 capitis
1081 473 1190 497 armo
1218 462 1396 510 inpressi.

227 533 291 558 xv1
333 520 497 557 talentis
539 519 674 557 ferunt
717 533 766 557 ex
808 519 998 557 Philonici
1042 520 1235 558 Pharsalii
1275 534 1398 572 grege

229 588 409 631 emptum
439 584 562 618 etiam
590 587 677 617 turn
707 594 831 631 puero
859 587 978 631 capto
1009 584 1092 619 eius
1122 582 1277 619 decore.
1331 595 1399 619 ne-

227 645 374 679 minem
402 641 464 679 hic
491 642 613 678 alium
641 656 760 692 quam
788 642 1063 680 Alexandrum
1091 646 1200 693 regio
1227 647 1399 681 instratu

227 710 390 740 ornatus
426 706 577 753 recepit
613 706 653 740 in
689 704 840 747 sedem,
876 704 974 741 alias
1010 707 1155 754 passim
1192 707 1397 755 recipiens.

227 765 333 802 idem
371 768 411 801 in
446 765 605 814 proeliis
642 771 889 802 memoratae
925 766 1131 803 cuiusdam
1167 765 1401 816 perhibetur

227 840 386 875 operae,
439 826 666 863 Thebarum
722 830 1020 877 oppugnatione
1076 827 1305 865 vulneratus
1359 830 1399 865 in

227 889 348 925 alium
398 891 567 924 transire
618 888 892 925 Alexandrum
939 902 1017 925 non
1063 901 1223 938 passus3
1273 889 1401 926 multa

228 955 439 998 praeterea
463 949 641 986 eiusdem
663 949 783 993 modi,
804 955 969 999 propter
991 963 1094 1000 quae
1117 963 1186 987 rex
1209 950 1400 988 defuncto

230 1013 265 1046 ei
304 1010 418 1047 duxit
458 1013 647 1060 exequias
687 1010 908 1060 urbemque
946 1011 1102 1047 tumulo
1139 1012 1400 1049 circumdedit

228 1074 386 1108 nomine
429 1074 524 1108 eius.
579 1084 652 1108 nec
695 1071 875 1109 Caesaris
914 1072 1120 1109 dictatoris
1158 1086 1400 1123 quemquam

228 1132 350 1168 alium
367 1136 563 1182 recepisse
581 1133 696 1170 dorso
715 1146 839 1183 equus
856 1133 1044 1178 traditur,
1061 1134 1248 1184 idemque
1265 1134 1400 1171 similis

228 1192 410 1231 humanis
437 1194 560 1243 pedes
588 1197 736 1243 priores
764 1193 963 1238 habuisse,
990 1194 1064 1232 hac
1092 1195 1222 1246 effigie
1247 1195 1400 1233 locatus

229 1261 323 1291 ante
369 1255 533 1292 Veneris
580 1255 804 1293 Genetricis
851 1256 1005 1293 aedem.
1060 1255 1156 1294 fecit
1202 1262 1244 1294 et
1288 1256 1400 1294 divus

229 1317 435 1366 Augustus
455 1329 557 1366 equo
576 1317 789 1361 tumulum,
808 1317 858 1354 de
878 1330 956 1367 quo
976 1317 1202 1354 Germanici
1221 1317 1400 1355 Caesaris

227 1390 387 1414 carmen
411 1384 483 1415 est.
539 1379 750 1428 Agrigenti
773 1378 1019 1428 conplurium
1043 1392 1235 1429 equorum
1256 1379 1400 1416 tumuli

228 1439 454 1488 pyramides
470 1438 633 1476 habent.
689 1452 836 1489 equum
853 1439 1085 1477 adamatum
1102 1453 1124 1476 a
1140 1440 1400 1478 Samiramide

226 1512 351 1549 usque
374 1502 414 1536 in
433 1500 610 1537 coituml
636 1500 735 1537 Iuba
759 1506 897 1538 auctor
920 1507 993 1538 est.
1048 1501 1222 1552 Scythici
1238 1501 1400 1552 quidem

230 1564 431 1610 equitatus
452 1574 643 1611 equorum
661 1561 788 1612 gloria
807 1568 1013 1612 strepunt:
1046 1565 1174 1600 occiso
1192 1562 1331 1613 regulo
1350 1576 1400 1599 ex

228 1625 507 1671 provocatione
523 1622 780 1660 dimicantem
795 1622 966 1668 hostem,
980 1637 1070 1660 cum
1085 1623 1136 1661 ad
1150 1623 1399 1674 spoliandum

560 1701 573 1720 1
595 1711 703 1741 usque
720 1701 764 1732 ad
779 1703 924 1742 rogum?
940 1701 1077 1733 Brotier.

268 1789 283 1805 ⁶
306 1785 373 1827 Say
387 1785 502 1827 nearly
517 1787 626 1818 &4000
639 1786 728 1827 gold.

267 1827 280 1847 ²²
304 1829 508 1869 Bucephala,
526 1840 580 1860 see
594 1829 640 1860 VI
657 1831 707 1861 77.

273 1876 284 1890 ⁰
305 1871 324 1901 I
330 1882 365 1902 .e.
387 1872 469 1902 with
493 1875 564 1902 toes
587 1875 648 1902 not
668 1871 785 1903 united
805 1872 878 1903 into
901 1882 922 1903 a
941 1872 1043 1904 hoof:
1077 1872 1102 1904 if
1121 1875 1207 1910 true,
1229 1882 1250 1904 a
1269 1872 1392 1904 throw-

226 1913 311 1945 back
329 1918 364 1944 to
381 1914 439 1945 the
455 1914 653 1955 prehistoric
670 1914 775 1946 horse.

268 1956 282 1975 ¹²
308 1957 462 1998 Hyginus
477 1957 506 1987 F
507 1957 558 1988 ab.
575 1959 636 1989 243
650 1970 656 1988 :
685 1968 772 1998 equo
786 1958 910 1988 amisso
925 1958 959 1989 in
972 1968 1093 2000 pyram
1107 1968 1142 1989 se
1156 1958 1309 1990 coniecit.

234 2018 300 2055 108
