1482 2312
180 270 241 301 130

182 640 240 671 131

187 1492 246 1523 133

461 158 627 196 PLINY
641 172 650 196 2
702 157 964 195 NATURAL
1000 157 1236 195 HISTORY

317 262 459 299 LXIV.
489 261 601 298 Haec
618 260 780 310 quidem
797 265 838 296 et
853 259 1129 309 himantopodi
1144 259 1270 296 multo
1282 260 1437 303 minori,

263 328 505 365 quamquam
543 313 685 351 eadem
723 326 881 350 crurum
916 312 1140 349 altitudine.
1195 315 1369 349 nascitur
1396 314 1438 348 in

263 370 464 419 Aegypto.
532 369 678 403 insistit
739 369 861 403 ternis
909 366 1055 415 digitis.
1129 368 1340 415 praecipue
1403 367 1438 402 ei

263 422 453 473 pabulum
474 433 644 457 muscae.
700 421 782 455 vita
801 421 840 455 in
864 419 980 455 Italia
999 421 1134 468 paucis
1155 419 1307 455 diebus.

315 474 434 511 LXV.
465 474 673 510 Graviores
700 485 836 509 omnes
864 471 929 509 etl
957 471 1071 522 fruge
1098 477 1324 515 vescuntur,
1351 470 1438 508 alti-

263 528 373 565 volae
391 540 507 564 carne
525 532 699 569 tantum,
711 528 815 562 inter
833 527 1036 574 aquaticas
1053 527 1193 575 mergi,
1206 524 1309 562 soliti
1323 523 1437 561 avide

265 593 400 618 vorare
417 581 432 603 2
453 593 556 630 quae
577 585 736 616 ceterae
758 578 943 615 reddunt.

319 633 460 670 LXVI.
491 633 656 670 Olorum
689 631 989 668 similitudinem
1025 630 1242 668 onocrotali
1273 629 1439 674 habent,

265 700 337 724 nec
355 687 503 723 distare
522 688 847 722 existimarentur
865 687 1040 728 omnino,
1059 686 1131 720 nisi
1150 683 1329 720 faucibus
1346 686 1439 733 ipsis

265 743 413 777 inesset
436 739 598 776 alterius
622 741 724 775 uteri
749 751 887 788 genus.
943 737 1020 774 huc
1044 740 1177 774 omnia
1198 736 1439 787 inexplebile

265 793 409 830 animal
427 794 620 842 congerit,
638 794 736 828 mira
754 797 799 828 ut
816 793 867 828 sit
884 793 1097 841 capacitas.
1152 804 1245 827 mox
1262 789 1442 840 perfecta

264 849 401 897 rapina
433 848 578 882 sensim
610 845 702 881 inde
733 847 773 880 in
804 857 846 881 os
878 844 1038 881 reddita
1068 846 1108 880 in
1139 856 1273 880 veram
1309 843 1441 880 alvum

265 902 500 937 ruminantis
532 898 649 935 modo
682 897 816 934 refert.
873 897 1003 934 Gallia
1034 896 1104 934 hos
1136 896 1440 947 septentrionali

265 955 445 1004 proxima
468 965 616 989 oceano
640 953 777 987 mittit.

320 1005 483 1042 LXVII.
515 1005 561 1041 ln
591 1004 791 1054 Hercynio
819 1003 1058 1041 Germaniae
1085 1003 1189 1040 saltu
1221 1002 1442 1040 inusitata3

266 1073 415 1110 genera
451 1058 589 1095 alitum
627 1060 852 1107 accepimus
889 1070 1056 1107 quarum
1091 1056 1251 1106 plumae
1291 1058 1442 1106 ignium

265 1113 383 1149 modo
411 1111 646 1149 conluceant
674 1111 878 1153 noctibus;
920 1113 960 1146 in
989 1112 1132 1146 ceteris
1160 1108 1255 1145 nihil
1283 1115 1444 1159 praeter

267 1165 517 1203 nobilitatem
547 1164 840 1214 longinquitate
871 1162 1021 1200 factam
1050 1162 1353 1199 memorandum
1381 1175 1444 1198 oc-

265 1222 398 1256 currit.
453 1217 676 1269 phalerides
706 1219 745 1253 in
766 1216 946 1253 Seleucia
968 1215 1204 1253 Parthorum
1225 1221 1267 1252 et
1286 1218 1327 1252 in
1347 1216 1443 1252 Asia

267 1274 541 1322 aquaticarum
592 1270 902 1314 laudatissimae,
954 1283 1085 1306 rursus
1136 1269 1351 1319 phasianae
1401 1271 1440 1305 in

268 1325 652 1375 Colchis—geminas
685 1337 733 1360 ex
765 1323 901 1373 pluma
931 1336 1046 1360 aures
1077 1323 1321 1359 submittunt
1352 1322 1442 1359 sub-

267 1382 547 1429 riguntque—,
580 1377 813 1414 Numidicae
844 1379 884 1412 in
916 1382 1029 1426 parte
1051 1375 1210 1413 Africae
1241 1375 1442 1420 Numidia,

268 1445 404 1470 omnes
425 1430 554 1481 quae4
574 1433 652 1467 iam
672 1433 712 1466 in
733 1429 860 1466 Italia.

323 1485 510 1522 LXVIII.
541 1483 844 1533 Phoenicopteri
866 1483 1044 1533 linguam
1067 1484 1268 1532 praecipui
1292 1484 1441 1531 saporis

270 1552 354 1576 esse
404 1539 566 1588 Apicius
607 1537 742 1573 docuit
782 1542 974 1587 nepotum
1014 1538 1190 1572 omnium
1231 1534 1443 1571 altissimus

269 1605 428 1643 gurges.
484 1596 651 1641 attagen
681 1592 854 1626 maxime
883 1590 1016 1626 Ionius
1045 1589 1203 1626 celeber
1232 1594 1274 1625 et
1302 1587 1444 1625 vocalis

524 1704 536 1723 1
558 1707 594 1734 et
609 1703 684 1734 add.
700 1704 714 1733 ?
732 1703 894 1743 Mayhoff.

521 1746 534 1765 2
558 1746 598 1777 M
602 1746 715 1786 ayhoff
726 1758 733 1777 :
758 1745 869 1777 solida
884 1749 924 1777 ut
941 1745 1115 1776 devorare.

520 1791 532 1809 ³
556 1789 608 1820 v.l.
628 1790 804 1820 invisitata
823 1789 878 1823 (cf.
900 1789 913 1826 ξ
930 1789 994 1826 84).

524 1833 533 1850 ⁸
561 1831 716 1872 Mayhoff
729 1832 790 1870 (vel
805 1835 958 1870 omnes):
983 1841 1180 1871 omnesque.

412 1988 427 2003 ¹²
448 1984 519 2015 The
535 1983 641 2014 Black
657 1983 775 2014 Forest.
792 1983 860 2014 and
876 1983 935 2014 the
952 1982 1069 2014 Hartz.

413 2025 425 2045 ὁ
448 2027 518 2058 The
534 2026 761 2067 guinea-fowl,
780 2026 890 2057 above
907 2026 1015 2057 called
1030 2024 1248 2066 meleaqridee.

271 2092 340 2138 370
