1482 2312
696 509 857 547 LIBER
892 510 928 546 X

278 613 308 650 I.
338 612 527 662 Sequitur
552 618 695 648 natura
721 614 867 654 avium,
893 625 1061 661 quarum
1086 611 1336 662 grandissimi
1361 616 1403 648 et

227 678 355 715 paene
393 666 611 702 bestiarum
649 667 807 714 generis
845 664 1145 701 struthocameli
1186 665 1307 701 Africi
1342 664 1402 701 vel

228 718 454 767 Aethiopici
476 717 733 754 altitudinem
762 721 907 767 equitis
937 718 1144 754 insidentis
1166 731 1268 767 equo
1290 730 1404 754 exce·

227 771 342 814 dunt,
383 771 634 808 celeritatem
677 773 853 813 vincunt,
894 770 944 807 ad
986 770 1058 807 hoc
1098 770 1260 807 demum
1300 770 1404 807 datis

229 827 357 873 pinnis
398 830 441 860 ut
483 829 710 860 currentem
752 823 965 860 adiuvent:
1019 830 1154 860 cetero
1195 837 1272 860 non
1313 829 1405 859 sunt

230 877 407 914 volucres
432 890 503 913 nec
527 890 548 912 a
578 883 685 913 terra
716 876 987 913 attolluntur}
1048 876 1223 926 ungulae
1251 879 1296 913 iis
1324 889 1403 913 cer-

230 932 327 966 vinis
366 929 512 966 similes
552 930 695 978 quibus
727 929 932 972 dimicant,
965 929 1139 966 bisulcae
1171 935 1212 966 et
1243 942 1405 978 conpre-

229 982 451 1019 hendendis
496 982 692 1031 lapidibus
739 982 857 1019 utiles
903 995 1000 1032 quos
1045 985 1084 1018 in
1129 982 1226 1031 fuga
1269 988 1406 1018 contra

183 1040 201 1069 2
228 1042 443 1085 sequentes
503 1038 689 1085 ingerunt
746 1035 925 1084 pedibus.
993 1035 1264 1085 concoquendi
1323 1038 1407 1071 sine

229 1088 377 1125 dilectu
407 1088 597 1124 devorata
627 1091 724 1124 mira
755 1094 911 1130 natura,
939 1088 1009 1125 sed
1038 1101 1115 1124 non
1145 1091 1273 1124 minus
1301 1088 1406 1124 stoli—

230 1141 334 1178 ditas
362 1144 401 1177 in
428 1147 544 1177 tanta
572 1141 711 1190 reliqui
739 1144 912 1190 corporis
941 1141 1154 1177 altitudine
1188 1154 1277 1177 cum
1309 1139 1409 1177 colla

231 1193 374 1230 frutice
428 1194 715 1230 occultaverint
768 1194 895 1231 latere
943 1207 1029 1230 sese
1078 1196 1406 1230 existimantium.

231 1249 427 1296 praemira
445 1247 460 1269 ²
486 1260 534 1283 ex
561 1249 606 1283 iis
631 1260 705 1283 ova
730 1253 894 1296 propter
919 1247 1223 1296 amplitudinem
1250 1247 1407 1296 quibus-

230 1300 323 1337 dam
356 1299 493 1336 habita
526 1313 596 1349 pro
630 1303 743 1336 vasis.
776 1313 975 1349 conosque
1007 1300 1168 1336 bellicos
1201 1306 1242 1336 et
1274 1299 1409 1350 galeas

231 1353 471 1389 adornantes
487 1356 645 1401 pinnae.

182 1412 201 1441 3
285 1406 337 1442 ΙΙ.
368 1405 608 1455 Aethiopiae
637 1412 760 1455 atque
793 1405 898 1442 Indis
927 1405 1138 1442 discolores
1167 1408 1340 1442 maxime
1369 1411 1409 1442 et

232 1459 517 1495 inenarrabiles
533 1472 618 1495 esse
634 1459 650 1481 3
664 1458 797 1495 ferunt
813 1471 906 1495 aves
921 1464 961 1495 et
977 1465 1071 1495 ante
1086 1471 1222 1495 omnes
1237 1458 1409 1495 nobilem

232 1511 405 1548 Arabiae
430 1511 679 1561 phoenicem,
706 1511 801 1548 haut
827 1514 906 1548 scio
931 1524 981 1547 an
1007 1511 1199 1552 fabulose,
1224 1525 1346 1547 unum
1370 1513 1408 1547 in

232 1570 320 1601 toto
340 1565 435 1601 orbe
456 1578 528 1600 nec
551 1568 675 1601 visum
696 1578 842 1614 magno
862 1577 994 1613 opere.
1051 1564 1208 1614 aquilae
1229 1570 1409 1600 narratur

234 1617 524 1667 magnitudine,
560 1620 643 1653 auri
679 1617 833 1667 fulgore
867 1620 969 1653 circa
1003 1617 1117 1659 colla,
1151 1623 1287 1654 cetero
1322 1630 1407 1666 pur-

234 1683 392 1719 pureus,
428 1670 653 1706 caeruleam
692 1673 812 1707 roseis
848 1670 1016 1707 caudam
1055 1673 1182 1719 pinnis
1218 1670 1404 1719 distingu-

292 1763 303 1780 ¹
327 1763 500 1801 Maylcosf:
527 1762 702 1793 tolluntur.

290 1804 302 1822 ²
323 1805 508 1844 Detlefsen:
535 1805 695 1845 praemia.

288 1847 301 1866 ⁸
323 1847 395 1878 sic?
415 1847 569 1887 Mayhoff
581 1859 587 1877 :
614 1847 798 1888 Aethiopes
814 1852 920 1887 atque
938 1847 1014 1878 Indi
1040 1874 1044 1878 .
1075 1875 1079 1878 .
1108 1873 1113 1879 .
1141 1847 1387 1878 inenarrabiles.

279 1970 292 1984 ‘¹
314 1965 396 1996 This
426 1965 632 2005 description
665 1965 775 1996 tallies
809 1965 907 2006 fairly
940 1965 1060 2006 closely
1093 1965 1174 1996 with
1206 1965 1262 1996 the
1292 1964 1411 2006 golden

233 2007 399 2049 pheasant
414 2007 448 2038 of
463 2007 521 2038 the
535 2008 601 2038 Far
616 2007 709 2038 East.

228 2097 295 2123 202
