1482 2312
168 883 184 911 7

187 436 206 464 tn

189 881 207 910 6

434 134 599 172 PLINY
613 149 621 172 :
672 133 933 172 NATURAL
968 133 1203 171 HISTORY

233 249 336 287 aqua
362 249 439 273 non
459 236 646 280 tolerant,
665 249 796 286 neque
815 238 854 272 in
874 235 1056 279 turbida;
1089 235 1179 272 ideo
1199 237 1302 272 circa
1320 248 1404 272 ver-

232 300 343 350 gilias
372 302 544 337 maxime
573 302 783 350 capiuntur
815 298 1040 336 fluminibus
1073 305 1159 336 tum
1193 301 1404 349 praecipue

232 364 412 400 turbidis.
447 369 663 414 pascuntur
675 364 868 400 noctibus.
909 365 1110 400 exanimes
1123 365 1287 413 piscium
1300 362 1406 400 solae

232 440 310 464 non
331 427 501 464 fluitant.
555 427 662 464 lacus
686 433 747 464 est
769 426 910 464 Italiae
931 427 1109 464 Benacus
1129 429 1169 463 in
1190 427 1404 464 Veronensi

233 504 328 541 agro
345 491 538 528 Mincium
554 504 712 528 amnem
727 493 974 535 tramittens,
989 491 1040 527 ad
1054 493 1163 527 cuius
1179 503 1376 527 emersum
1391 491 1405 513 ¹

233 568 364 591 annuo
407 561 604 605 tempore,
649 555 814 592 Octobri
861 554 945 591 fere
990 567 1142 599 mense,
1186 553 1404 597 autumnali

233 619 375 663 sidere,
396 624 441 655 ut
461 618 593 668 palam
615 624 690 663 est,
711 618 890 655 hiemato
911 617 1013 662 lacu,
1034 617 1219 655 fluctibus
1239 618 1406 668 glomer-

234 688 325 719 atae
348 682 558 720 volvuntur
575 685 614 718 in
630 688 790 719 tantum
817 681 985 719 mirabili
1013 681 1270 719 multitudine
1297 687 1343 718 ut
1366 684 1405 718 in

233 746 425 797 excipulis
473 749 557 784 eius
602 746 774 784 fluminis
821 747 872 783 ob
917 745 991 782 hoc
1034 748 1163 796 ipsum
1207 744 1406 783 fabricatis

232 810 475 861 singulorum
497 810 647 847 milium
671 813 924 860 reperiantur
946 810 1065 860 globi.

286 874 473 911 XXXIX.
507 874 680 910 Murena
709 887 962 924 quocumque
997 886 1133 910 mense
1167 875 1286 924 parit,
1317 886 1406 910 cum

232 941 354 975 ceteri
404 941 530 988 pisces
579 944 686 975 stato
736 940 908 989 pariant.
965 951 1038 974 ova
1089 939 1172 975 eius
1220 939 1405 974 citissime

233 1008 426 1039 crescunt.
482 1004 521 1038 in
573 1005 677 1039 sicca
731 1002 846 1039 litora
902 1001 1058 1052 elapsas
1111 1001 1250 1051 vulgus
1301 1003 1406 1038 coitu

234 1069 478 1116 serpentium
492 1066 649 1116 impleri
663 1071 792 1116 putat.
848 1065 1087 1102 Aristoteles
1100 1079 1280 1116 zmyrum
1292 1071 1408 1102 vocat

234 1143 383 1166 marem
412 1132 477 1180 qui
506 1135 697 1180 generet;
739 1129 950 1166 discrimen
985 1142 1071 1166 esse
1105 1129 1212 1179 quod
1242 1142 1407 1166 murena

233 1197 339 1230 varia
373 1199 414 1231 et
449 1194 605 1230 infirma
639 1196 704 1238 sit,
742 1206 899 1244 zmyrus
935 1192 1110 1230 unicolor
1145 1199 1187 1229 et
1222 1193 1407 1230 robustus

233 1257 456 1308 dentesque
486 1264 527 1294 et
546 1257 562 1281 ²
588 1263 703 1294 extra
731 1271 772 1294 os
800 1257 961 1294 habeat.
1017 1260 1056 1294 in
1088 1256 1216 1294 Gallia
1248 1262 1407 1307 septen-

233 1322 389 1359 trionali
413 1324 586 1359 murenis
604 1323 785 1358 omnibus
801 1321 969 1359 dextera
985 1323 1024 1357 in
1039 1320 1199 1357 maxilla
1215 1326 1406 1371 septenae

235 1386 413 1423 maculae
465 1386 514 1422 ad
563 1385 730 1422 formam
778 1387 1062 1435 septentrionis
1110 1397 1230 1421 aureo
1277 1384 1406 1421 colore

234 1449 392 1500 fulgent
415 1450 629 1487 dumtaxat
652 1450 889 1493 viventibus,
912 1451 1141 1499 pariterque
1163 1462 1253 1485 eum
1276 1450 1407 1484 anima

235 1517 536 1564 extinguuntur.
605 1517 755 1550 invenit
789 1516 830 1550 in
864 1512 937 1550 hoc
973 1512 1130 1549 animali
1166 1512 1406 1549 documenta

234 1581 423 1615 saevitiae
459 1578 608 1615 Vedius
642 1577 764 1614 Pollio
798 1591 920 1627 eques
953 1577 1154 1614 Romanus
1187 1589 1236 1613 ex
1271 1578 1405 1613 amicis

233 1642 311 1679 divi
352 1644 525 1693 Augusti
566 1645 718 1679 vivariis
761 1655 897 1679 earum
937 1644 1176 1691 immergens
1216 1640 1406 1677 damnata

234 1709 443 1756 mancipia,
470 1720 548 1743 non
575 1712 782 1756 tamquam
810 1706 863 1743 ad
888 1705 962 1742 hoc
988 1705 1080 1742 feris
1106 1712 1301 1741 terrarum
1327 1717 1404 1741 non

235 1771 531 1814 sufficientibus,
556 1770 626 1807 sed
650 1773 742 1820 quia
767 1772 806 1806 in
832 1769 908 1806 alio
932 1782 1079 1819 genere
1103 1774 1233 1805 totum
1258 1771 1406 1818 pariter

523 1857 534 1875 ¹
557 1856 746 1888 Rackham:
772 1866 932 1887 emersus.

520 1898 533 1917 ²
556 1902 591 1930 et
607 1899 681 1929 add.
699 1909 736 1930 ex
752 1898 922 1930 Aristotele
939 1898 979 1929 M
981 1897 1100 1938 ayhoff.

450 1988 465 2004 ⁰
488 1984 549 2017 See
566 1994 610 2016 on
626 1986 641 2025 ξ
658 1985 710 2016 53.
876 1982 889 2002 ⁶
912 1982 1188 2016 Unidentifiable.

239 2053 306 2079 212
