1482 2312
477 146 604 183 PLIN
607 147 643 183 Y
656 160 665 184 :
717 147 980 185 NATURAL
1016 147 1254 186 HISTORY

282 249 391 293 alias,
407 255 547 299 captus
564 262 656 286 vero
673 250 966 294 obmutescens,
983 250 1184 300 quondam
1201 253 1451 288 existimatus

282 305 387 339 inter
425 315 531 339 raras
570 315 676 347 aves,
715 305 794 339 iam
833 308 875 340 et
913 305 954 339 in
993 303 1123 340 Gallia
1161 303 1446 354 Hispaniaque.

282 358 437 405 capitur
461 358 565 392 circa
580 354 596 378 ¹
622 355 744 405 Alpes
771 358 908 399 etiam,
933 356 1000 392 ubi
1027 362 1069 393 et
1094 355 1453 406 phalacrocoraces,

282 411 362 445 avis
400 408 613 445 Baliarium
650 408 866 445 insularum
897 409 1119 458 peculiaris,
1152 412 1255 447 sicut
1284 409 1447 460 Alpium

283 461 549 511 pyrrhocorax
576 461 686 499 luteo
712 468 838 498 rostro
865 464 978 512 niger
1004 468 1046 499 et
1071 465 1285 512 praecipua
1315 476 1453 513 sapore

285 514 462 564 lagopus.
517 514 640 564 pedes
678 515 855 565 leporino
894 514 984 552 villo
1021 528 1167 552 nomen
1198 514 1272 553 hoc
1306 515 1453 553 dedere

203 573 262 604 134
285 574 420 604 cetero
460 568 668 612 candidae,
708 568 979 605 columbarum
1018 568 1306 618 magnitudine.
1376 583 1454 607 non

285 626 400 657 extra
439 626 587 657 terram
626 634 714 658 eam
752 624 858 658 vesci
896 620 1026 665 facile,
1063 621 1222 671 quando
1259 635 1332 659 nec
1373 625 1455 659 vita

284 676 526 710 mansuescit
560 680 602 711 et
636 687 776 724 corpus
811 677 991 711 ocissime
1024 677 1245 712 marcescit.
1315 681 1378 712 est
1413 681 1455 713 et

285 727 360 763 alia
409 729 568 764 nomine
614 727 757 764 eodem
803 741 826 764 a
869 728 1135 765 coturnicibus
1178 728 1454 778 magnitudine

283 786 443 817 tantum
482 779 681 825 differens,
720 794 858 817 croceo
897 783 1042 825 tinctu,
1081 782 1177 818 cibis
1216 783 1452 832 gratissima.

284 836 407 869 visam
430 835 471 869 in
494 833 662 883 Alpibus
686 834 736 871 ab
759 847 801 871 se
825 833 1066 883 peculiarem
1089 834 1270 884 Aegypti
1293 841 1336 872 et
1358 836 1454 872 ibim

284 887 479 937 Egnatius
502 886 685 923 Calvinus
706 886 933 937 praefectus
956 900 1092 924 earum
1113 887 1301 937 prodidit.

203 944 262 975 135
338 939 482 976 LXIX.
512 939 719 977 Venerunt
742 942 783 976 in
808 940 966 977 Italiam
990 940 1317 978 Bedriacensibus
1341 941 1454 978 bellis

284 993 460 1029 civilibus
480 999 590 1030 trans
611 992 763 1030 Padum
784 999 826 1030 et
841 1007 965 1030 novae
983 996 1184 1031 aves—ita
1200 996 1305 1031 enim
1326 993 1454 1031 adhuc

284 1046 734 1083 vocantur—turdorum
764 1049 911 1096 specie,
928 1047 1092 1098 paulum
1121 1046 1223 1084 infra
1253 1047 1454 1085 columbas

283 1099 574 1149 magnitudine,
600 1113 739 1150 sapore
765 1106 917 1150 gratae.
971 1100 1144 1138 Baliares
1170 1100 1320 1138 insulae
1345 1101 1455 1138 nobi-

283 1152 420 1189 liorem
434 1156 558 1190 etiam
570 1166 689 1203 supra
700 1153 807 1190 dicto
820 1152 1128 1204 porphyrionem
1139 1156 1319 1191 mittunt.
1346 1155 1401 1191 ibi
1413 1160 1454 1191 et

283 1206 406 1242 buteo
435 1208 667 1256 accipitrum
695 1209 851 1257 generis
879 1209 920 1243 in
946 1206 1094 1244 honore
1122 1220 1351 1244 mensarum
1378 1213 1454 1252 est,

282 1261 381 1295 item
404 1261 579 1309 vipiones
593 1260 714 1296 2—sic
737 1262 843 1297 enim
866 1266 1009 1297 vocant
1030 1262 1223 1297 minorem
1245 1273 1397 1311 gruem.

202 1316 262 1347 136
337 1312 459 1349 LXX.
490 1311 662 1363 Pegasos
682 1315 827 1363 equino
845 1316 976 1364 capite
995 1313 1170 1350 volucres
1189 1319 1231 1351 et
1249 1313 1423 1364 gryphas
1438 1313 1454 1336 ³

284 1368 431 1402 auritos
467 1379 512 1402 ac
548 1366 664 1403 dira4
700 1366 931 1404 aduncitate
967 1369 1082 1404 rostri
1117 1366 1315 1404 fabulosos
1351 1380 1453 1411 reor,

283 1418 368 1455 illos
407 1421 447 1455 in
487 1419 663 1470 Scythia,
704 1419 774 1457 hos
813 1422 854 1456 in
893 1419 1130 1470 Aethiopia3
1185 1420 1371 1470 equidem
1411 1426 1453 1458 et

283 1477 504 1522 tragopana
566 1473 615 1510 de
673 1487 752 1522 qua
802 1473 934 1524 plures
985 1473 1210 1518 adfirmant,
1262 1476 1453 1511 maiorem

429 1553 439 1570 1
466 1553 553 1584 circa
570 1553 744 1594 Mathff:
769 1560 814 1584 et.

425 1596 437 1614 ²
460 1596 526 1627 vll.
541 1596 709 1633 viviones,
724 1596 890 1628 vibiones.

425 1639 437 1656 ³
460 1639 514 1669 v.l.
530 1649 666 1679 grypas,

420 1680 433 1698 ⁴
455 1681 585 1712 auritos
601 1692 639 1712 ac
656 1681 755 1712 dira?
773 1681 929 1721 Maylcosf
940 1693 947 1712 ε
973 1683 1102 1713 auritos
1118 1687 1174 1713 aul
1190 1683 1312 1713 aurita.

321 1771 337 1785 ‘²
359 1767 524 1798 Cevedale
542 1767 694 1798 between
711 1768 876 1798 Cremona
893 1768 962 1798 and
980 1768 1123 1805 Verona,
1143 1768 1252 1799 where
1269 1769 1302 1799 in
1320 1778 1391 1800 AJ).
1410 1769 1452 1800 69

279 1809 369 1841 Otho
382 1820 449 1840 was
463 1809 619 1841 defeated
634 1810 679 1851 by
692 1811 752 1841 the
764 1814 880 1851 troops
895 1811 933 1841 of
943 1811 1107 1847 Vitellius,
1123 1811 1191 1841 and
1204 1821 1223 1842 a
1237 1811 1301 1842 few
1315 1811 1452 1843 months

278 1852 363 1884 later
378 1853 474 1884 these
489 1853 523 1883 in
539 1856 619 1883 turn
637 1853 682 1893 by
698 1853 797 1884 those
813 1853 851 1884 of
864 1853 1059 1894 Vespasian.

324 1896 336 1914 ¹²
360 1896 532 1936 Probably
550 1896 609 1926 the
627 1896 856 1937 saud-grouse.

322 1943 333 1957 ⁶
358 1938 507 1979 Perhaps
524 1939 623 1979 Pliny
641 1939 701 1970 has
717 1943 776 1979 got
792 1939 886 1970 them
903 1939 961 1970 the
978 1949 1092 1980 wrong
1110 1949 1182 1979 way
1202 1939 1392 1970 round—at
1408 1939 1453 1970 all

275 1985 393 2012 events
408 1982 466 2012 the
479 1981 591 2022 griffin
604 1992 673 2012 was
687 1981 823 2022 usually
838 1981 958 2022 placed
972 1982 1007 2013 in
1022 1981 1174 2022 Scythia.
1222 1982 1292 2012 But
1306 1982 1341 2013 in
1355 1982 1453 2022 point

275 2024 310 2055 of
326 2024 398 2055 fact
415 2024 474 2055 the
492 2024 659 2055 reference
677 2025 713 2055 of
730 2024 789 2055 the
806 2034 978 2065 pronouns
996 2025 1024 2055 is
1042 2028 1104 2055 not
1122 2025 1217 2064 quite
1234 2025 1374 2056 certain.

282 2078 351 2123 378
