1482 2312
136 394 177 423 49

402 129 569 168 PLINY
582 144 591 168 z
641 131 904 168 NATURAL
940 129 1175 168 HISTORY

201 231 381 282 alloquiis
409 231 529 276 feras,
559 235 707 282 quippe
736 232 802 269 ubi
834 235 956 269 etiarn
985 238 1191 282 serpentes
1221 231 1376 269 extrahi

201 317 322 347 cantu
352 312 519 360 cogique
550 312 589 346 in
621 323 794 359 poenam
825 323 961 346 verum
992 309 1189 346 falsumne
1219 312 1270 346 sit
1301 322 1378 346 non

204 390 283 424 vita
325 387 558 424 decreverit.
624 388 785 424 leonum
817 389 935 423 animi
970 386 1089 423 index
1119 387 1247 423 cauda
1277 389 1377 423 sicut

203 471 245 502 et
265 478 455 514 equorum
475 477 610 501 aures:
646 477 819 514 namque
840 470 881 501 et
902 463 972 500 has
992 470 1107 500 notas
1126 466 1379 514 generosissi-

203 556 267 579 mo
287 545 428 592 cuique
449 548 591 578 natura
612 542 763 578 tribuit.
819 545 971 578 inmota
997 554 1091 591 ergo
1110 541 1282 590 placido,
1302 541 1377 578 cle—

205 633 315 656 mens
335 619 542 669 <motus>1
561 619 798 663 blandienti,
820 619 925 669 quod
952 632 1083 655 rarum
1112 624 1186 662 est,
1206 619 1379 655 crebrior

206 700 310 734 enim
336 697 552 740 iracundia,
579 700 688 733 cuius
716 699 755 732 in
782 699 972 745 principio
999 702 1106 733 terra
1135 696 1379 738 verberatur,

204 777 443 811 incremento
454 780 569 824 terga
581 787 653 810 ceu
666 773 837 823 quodam
850 776 1103 810 incitamento
1115 773 1378 823 flagellantur.

204 854 259 889 vis
283 864 437 888 summa
458 854 499 887 in
522 857 695 900 pectore.
753 864 801 888 ex
825 853 931 887 omni
956 850 1117 887 vulnere
1140 853 1221 887 sive
1245 863 1378 900 ungue

204 931 380 978 inpresso
423 931 503 965 sive
546 928 669 965 dente
712 934 800 965 ater
843 927 1001 977 profluit
1044 931 1216 978 sanguis.
1272 928 1378 965 idem

138 1011 180 1041 50
202 1009 336 1043 satiati
353 1009 500 1042 innoxii
518 1012 622 1042 sunt..
677 1008 923 1056 generositas
944 1008 983 1041 in
1004 1005 1186 1054 periculis
1206 1008 1378 1042 maxime

142 1787 179 1816 51

205 1083 532 1133 deprehenditur,
552 1096 630 1119 non
645 1083 712 1119 illo
725 1083 740 1107 2
758 1089 918 1120 tantum
934 1083 1052 1120 modo
1068 1083 1174 1133 quod
1190 1096 1378 1132 spernens

205 1160 288 1198 tela
309 1160 375 1197 diu
399 1174 441 1198 se
463 1167 614 1197 terrore
637 1161 719 1197 solo
740 1166 879 1197 tuetur
900 1174 945 1197 ac
968 1160 1075 1197 velut
1098 1163 1184 1210 cogi
1206 1166 1380 1197 testatur

205 1241 458 1288 cooriturque
505 1251 583 1275 non
629 1244 837 1288 tamquam
884 1238 1058 1287 periculo
1103 1244 1263 1275 coactus
1309 1238 1379 1275 sed

205 1322 411 1365 tamquam
438 1319 614 1352 amentia
641 1319 786 1352 iratus:
810 1315 879 1351 illa
901 1315 1067 1352 nobilior
1089 1318 1207 1352 animi
1235 1316 1379 1365 signifi-

206 1393 585 1443 catio—quamlibet
606 1406 751 1442 magna
774 1407 917 1429 canum
940 1399 981 1430 et
1007 1396 1238 1430 venantium
1263 1407 1379 1443 urgu-

209 1477 301 1507 ente
327 1473 361 1506 vi
387 1474 649 1520 contemptim
675 1474 943 1520 restitansque
969 1470 1074 1507 cedit
1100 1473 1138 1506 in
1163 1474 1311 1520 campis
1337 1476 1378 1508 et

208 1549 273 1585 ubi
311 1551 482 1597 spectari
520 1554 676 1598 potest3
729 1548 833 1585 idem
871 1549 937 1585 ubi
977 1549 1144 1599 virgulta
1183 1549 1378 1598 silvasque

208 1628 433 1675 penetravit
461 1629 651 1662 acerrimo
680 1639 794 1662 cursu
823 1625 950 1662 fertur
974 1626 1082 1662 velut
1109 1626 1377 1662 abscondente

208 1703 496 1752 turpitudinem
524 1703 620 1739 loco.
676 1703 768 1739 dum
799 1706 978 1753 sequitur
1006 1703 1127 1740 insilit
1154 1703 1273 1746 saltu,
1301 1717 1378 1753 quo

208 1783 247 1816 in
286 1780 381 1830 fuga
412 1793 490 1816 non
520 1783 658 1817 utitur.
716 1780 944 1817 vulneratus
973 1781 1250 1817 observatione
1280 1785 1377 1818 mira

206 1872 474 1908 percussorem
494 1861 601 1895 novit
625 1865 666 1895 et
685 1861 726 1894 in
747 1859 1000 1909 quantalibet
1024 1859 1281 1896 multitudine
1309 1859 1375 1897 ad-

387 1969 398 1987 ¹
421 1967 598 2007 Mayhoff?
841 1967 854 1985 ²
878 1968 1052 2008 fllayhoff:
1079 1968 1112 1999 in
1129 1967 1196 1999 illo.

206 2029 252 2076 38
