1482 2312
147 826 209 857 213

147 1310 209 1341 214

148 2012 210 2043 215

427 155 591 193 PLINY
607 169 615 193 t
668 155 930 193 NATURAL
967 153 1202 192 HISTORY

231 259 398 310 pedibus
444 258 545 296 talos
591 257 742 295 habent
787 258 881 294 sebo
927 260 1205 308 pinguescunt,
1251 255 1399 293 bisulca

231 342 406 377 scissisve
433 341 473 375 in
500 339 645 389 digitos
671 337 839 389 pedibus
866 344 909 375 et
935 350 1013 374 non
1039 339 1243 387 cornigera
1269 336 1398 386 adipe.

230 425 436 457 concretus
456 418 518 455 hic
545 424 600 463 et,
620 431 710 455 cum
735 417 902 462 refrixit,
923 416 1085 468 fragilis,
1105 429 1341 467 semperque
1360 418 1399 452 in

232 500 309 537 fine
340 502 480 544 carnis,
512 505 649 536 contra
679 500 827 549 pingue
860 500 963 534 inter
994 509 1154 534 carnem
1185 502 1399 546 cutemque

232 593 323 617 suco
343 579 547 630 liquidum.
596 578 794 629 quaedam
813 591 892 614 non
911 580 1190 628 pinguescunt,
1211 582 1255 613 ut
1275 576 1400 627 lepus,

232 660 383 711 perdix.
438 659 632 697 steriliora
659 664 802 696 cuncta
826 660 989 709 pinguia
1020 664 1062 695 et
1086 660 1127 694 in
1158 657 1330 694 maribus
1360 663 1400 694 et

232 744 271 778 in
296 739 474 784 feminis3
507 746 718 777 senescunt
749 752 906 789 quoque
938 739 1103 776 celerius
1128 740 1398 789 praepinguia.

229 822 410 858 omnibus
440 820 672 857 animalibus
703 826 765 857 est
794 819 995 870 quoddam
1023 821 1063 856 in
1092 818 1212 856 oculis
1240 821 1399 869 pingue.

231 901 343 952 adips
364 904 515 939 cunctis
536 904 619 938 sine
641 914 773 945 sensu,
794 903 887 951 quia
906 913 980 937 nec
1001 902 1165 937 arterias
1186 899 1310 936 habet
1329 911 1402 936 nec

232 995 350 1020 venas
364 995 373 1026 ;
402 982 600 1033 plerisque
617 981 845 1018 animalium
862 986 903 1018 et
918 979 1156 1032 pinguitudo
1172 982 1255 1017 sine
1272 992 1402 1024 sensu,

232 1076 351 1113 quam
379 1063 429 1099 ob
456 1076 616 1099 causam
644 1075 733 1099 sues
760 1064 956 1112 spirantes
985 1075 1007 1098 a
1034 1061 1210 1098 muribus
1238 1060 1402 1098 tradunt

231 1143 402 1181 adrosos.
458 1146 552 1193 quin
594 1148 636 1180 et
679 1142 723 1180 L.
766 1144 916 1193 Aproni
958 1141 1170 1179 consularis
1213 1143 1283 1178 viri
1325 1140 1402 1178 filio

231 1224 431 1262 detractos
457 1223 594 1275 adipes
621 1223 876 1273 levatumque
901 1236 1041 1274 corpus
1067 1221 1242 1259 inmobili
1269 1235 1400 1259 onere.

282 1304 500 1341 LXXXVI.
530 1304 584 1341 Et
609 1304 783 1341 medulla
809 1317 858 1341 ex
885 1303 1027 1341 eodem
1052 1303 1210 1340 videtur
1236 1316 1336 1348 esse,
1362 1305 1402 1340 in

231 1388 393 1422 iuventa
407 1386 552 1422 rubens
568 1391 610 1422 et
624 1387 665 1421 in
681 1390 843 1422 senecta
859 1384 1072 1422 albescens.
1116 1398 1193 1421 non
1209 1387 1282 1422 nisi
1298 1387 1401 1422 cavis

231 1463 328 1500 haec
349 1464 513 1507 ossibus,
543 1476 615 1500 nec
643 1463 820 1500 cruribus
849 1466 1117 1500 iumentorum
1147 1468 1217 1500 aut
1245 1476 1401 1507 canum,

233 1555 353 1592 quare
396 1542 522 1578 fracta
568 1554 646 1578 non
694 1540 1016 1586 ferruminantur,
1056 1541 1162 1591 quod
1200 1540 1401 1578 defluente

232 1622 365 1656 evenit
384 1619 568 1656 medulla.
625 1624 686 1656 est
705 1624 841 1656 autem
860 1621 1017 1670 pinguis
1035 1618 1094 1656 his
1114 1620 1256 1669 quibus
1276 1619 1401 1670 adips,

232 1698 371 1734 sebosa
397 1699 622 1747 cornigeris,
650 1709 814 1733 nervosa
841 1703 882 1733 et
908 1699 948 1732 in
974 1699 1087 1747 spina
1112 1702 1272 1734 tantum
1298 1696 1400 1734 dorsi

232 1788 320 1812 ossa
343 1787 421 1811 non
446 1774 699 1818 habentibus,
724 1779 769 1811 ut
792 1776 959 1824 piscium
983 1777 1134 1824 generi,
1159 1777 1257 1811 ursis
1282 1774 1400 1819 nulla,

235 1851 335 1889 leoni
375 1855 415 1888 in
455 1851 646 1888 feminum
685 1858 727 1889 et
767 1851 1037 1889 bracchiorum
1077 1853 1226 1889 ossibus
1269 1855 1402 1902 paucis

233 1933 377 1980 exigua
406 1929 634 1973 admodum,
656 1934 791 1966 cetera
814 1935 906 1966 sunt
929 1935 1044 1966 tanta
1066 1929 1212 1966 duritia
1234 1935 1280 1966 ut
1302 1931 1402 1980 ignis

231 2007 401 2044 elidatur
421 2007 528 2044 velut
549 2020 570 2044 e
591 2006 708 2044 silice.
766 2006 1007 2043 LXXXVII.
1038 2005 1093 2044 Et
1111 2008 1157 2043 iis
1179 2006 1278 2044 dura
1300 2021 1400 2057 quae

231 2079 300 2127 566
