1482 2312
174 603 230 634 135

176 1160 233 1191 136

175 1366 232 1397 137

449 146 615 184 PLINY
629 160 637 184 :
687 146 950 184 NATURAL
985 144 1221 183 HISTORY

252 252 484 293 carminata,
514 249 639 286 donec
669 262 829 286 omnem
859 248 995 285 ebibat
1018 251 1181 285 saniem.
1236 249 1421 286 bucinum

253 333 324 369 per
348 333 389 355 se
414 318 640 362 damnatur,
666 321 852 368 quoniam
876 317 1011 354 fucum
1034 320 1227 354 remittit:
1265 318 1422 369 pelagio

254 389 305 426 ad
337 388 497 425 modum
530 388 730 438 alligatur,
763 390 989 437 nimiaeque
1022 390 1104 424 eius
1137 390 1321 437 nigritiae
1352 387 1421 424 dat

254 461 533 495 austeritatem
558 457 667 493 illam
695 460 945 506 nitoremque
974 459 1040 506 qui
1068 459 1272 506 quaeritur
1297 460 1423 500 cocci3

254 531 309 565 ita
330 530 537 577 permixtis
567 527 712 563 viribus
741 526 912 563 alterum
941 524 1095 563 alterol
1127 529 1326 564 excitatur
1353 532 1423 563 aut

255 600 499 647 astringitur.
559 609 715 633 summa
752 595 1060 633 medicaminum
1106 598 1146 631 in
1190 595 1251 632 Μ2
1304 595 1422 632 libras

254 667 444 704 vellerum
473 666 605 703 bucini
639 665 818 702 ducenae
852 671 893 702 et
928 678 949 702 e
982 665 1140 715 pelagio
1169 677 1252 708 cxx3
1294 667 1351 702 ita
1380 665 1423 702 fit

254 735 471 786 amethysti
513 735 617 772 colos
661 737 827 772 eximius
868 734 946 771 ille.
1002 740 1043 771 at
1085 734 1225 784 Tyrius
1266 734 1424 784 pelagio

254 809 424 855 primum
460 808 630 842 satiatur
666 807 865 841 inmatura
901 803 1094 853 viridique
1130 806 1296 848 cortina,
1331 817 1424 841 mox

253 880 506 925 permutatur
538 877 578 910 in
609 874 764 910 bucino.
818 873 903 910 laus
937 876 971 910 ei
1006 886 1160 910 summa
1192 876 1232 909 in
1263 873 1423 911 colore³

253 947 455 994 sanguinis
514 946 702 986 concreti,
762 946 958 993 nigricans
1014 948 1177 992 aspectu
1238 942 1424 993 idemque

253 1020 440 1063 suspectu
486 1013 709 1063 refulgens;
748 1012 854 1050 unde
901 1018 942 1049 et
989 1012 1164 1049 Homero
1206 1025 1425 1062 purpureus

253 1084 396 1121 dicitur
414 1086 586 1133 sanguis.

307 1153 456 1190 LXIII.
484 1153 686 1202 Purpurae
703 1165 818 1189 usum
832 1151 981 1188 Romae
995 1164 1151 1201 semper
1163 1151 1283 1189 fuisse
1296 1151 1425 1196 video,

255 1223 325 1260 sed
342 1222 508 1259 Romulo
529 1225 568 1258 in
587 1222 750 1259 trabea:
779 1235 873 1258 nam
886 1227 983 1272 toga
997 1227 1211 1271 praetexta
1228 1227 1269 1258 et
1283 1221 1425 1258 latiore

253 1293 364 1330 clavo
399 1292 557 1329 Tullum
593 1291 809 1328 Hostilium
845 1304 867 1328 e
902 1291 1061 1341 regibus
1097 1294 1267 1340 primum
1309 1304 1424 1328 usum

257 1360 432 1397 Etruscis
451 1359 615 1396 devictis
634 1361 728 1395 satis
746 1364 915 1395 constat.
971 1358 1104 1407 Nepos
1123 1357 1341 1402 Cornelius,
1359 1360 1425 1408 qui

255 1426 332 1464 divi
354 1427 525 1476 Augusti
546 1428 770 1475 principatu
790 1425 910 1462 obiit:
945 1424 952 1436 ‘
975 1423 1073 1468 Me,’
1092 1427 1235 1474 inquit,
1255 1424 1263 1436 ‘
1283 1427 1425 1462 iuvene

255 1493 429 1530 violacea
446 1506 619 1542 purpura
639 1492 814 1542 vigebat,
831 1494 940 1528 cuius
958 1491 1057 1528 libra
1075 1491 1246 1528 denariis
1263 1497 1425 1528 centum

256 1561 431 1604 venibat,
473 1573 546 1596 nec
589 1559 715 1596 multo
759 1565 847 1608 post
891 1559 1010 1595 rubra
1051 1558 1280 1595 Tarentina.
1335 1557 1425 1595 huic

255 1630 443 1664 successit
481 1625 655 1675 dibapha
693 1626 824 1676 Tyria,
865 1639 968 1675 quae
1007 1628 1047 1662 in
1090 1625 1210 1662 libras
1254 1625 1426 1662 denariis

255 1694 363 1730 mille
393 1706 470 1730 non
500 1699 659 1742 poterat
691 1695 779 1729 emi.
834 1691 908 1729 hac
939 1691 980 1728 P.
1014 1691 1208 1728 Lentulus
1239 1691 1427 1741 Spinther

255 1760 393 1797 aedilis
407 1760 550 1796 curulis
563 1762 712 1809 primus
727 1762 765 1795 in
780 1765 992 1808 praetexta
1006 1772 1098 1796 usus
1114 1758 1426 1808 improbabatur,

256 1841 334 1878 qua
375 1841 549 1877 purpura
590 1830 675 1877 quis
716 1839 795 1863 non
834 1825 941 1869 iam,’
982 1828 1125 1876 inquit,
1169 1825 1426 1862 ‘tricliniaria

255 1893 407 1932 facit?'
461 1893 648 1943 Spinther
682 1893 818 1930 aedilis
853 1893 927 1929 fuit
962 1893 1067 1929 urbis
1103 1892 1287 1929 conditae
1322 1905 1425 1929 anno

369 1972 379 1989 ¹
405 1971 492 2009 (ab)
510 1971 641 2001 altero?
658 1970 835 2001 Raclsham..
981 1971 994 1988 ²
1017 1978 1044 2000 Μ
1060 1969 1132 2000 add.
1152 1969 1312 2010 Mayhoff.

471 2015 484 2032 ³
507 2013 599 2044 color
614 2017 665 2044 est
682 2013 728 2044 vel
744 2017 784 2043 ut
800 2013 844 2043 sit
863 2011 996 2044 colore?
1015 2012 1175 2052 Mayhoff.

255 2069 324 2106 254
