1482 2312
102 412 166 443 232

103 1038 165 1069 233

104 1874 167 1905 234

385 165 572 203 PLINY:
624 166 886 204 NATURAL
925 166 1160 204 HISTORY

237 268 363 306 Boum
399 271 513 306 coriis
550 269 750 319 glutinum
789 271 1037 319 excoquitur,
1072 274 1357 318 taurorumque

187 341 456 388 praecipuum.

236 407 354 445 XCV.
386 408 586 445 Mammas
629 408 747 445 homo
790 408 894 445 solus
939 421 959 445 e
1004 407 1178 445 maribus
1222 406 1359 451 habet,

186 482 323 514 cetera
347 476 535 513 animalia
560 490 824 514 mammarum
848 483 964 514 notas
987 482 1160 514 tantum.
1215 476 1286 514 sed
1309 489 1358 513 ne

187 545 360 583 feminae
383 546 545 596 quidem
567 548 606 582 in
629 552 791 596 pectore
814 548 886 583 nisi
909 559 1012 596 quae
1035 551 1199 596 possunt
1222 551 1359 595 partus

187 629 276 652 suos
299 615 497 653 attollere.
552 629 625 653 ova
647 618 899 666 gignentium
923 615 1042 660 nulli3
1078 629 1151 653 nec
1173 615 1233 653 lac
1249 615 1264 638 ¹
1286 617 1358 652 nisi

187 684 334 721 animal
377 688 559 735 parienti.
622 685 823 722 volucrum
867 684 1134 735 vespertilioni
1177 691 1360 729 tantum3

186 754 410 792 fabulosum
450 757 555 792 enim
599 755 768 792 arbitror
806 755 856 792 de
895 755 1082 805 strigibus
1131 755 1254 791 ubera
1293 767 1359 791 eas

186 823 398 861 infantium
423 823 543 861 labris
570 825 801 875 inmulgere.
858 837 943 862 esse
969 827 1008 861 in
1033 824 1256 861 maledictis
1281 827 1359 861 iam

186 896 360 943 antiquis
387 896 554 944 strigem
581 897 780 938 convenit,
807 894 877 931 sed
905 907 1008 944 quae
1035 896 1086 931 sit
1113 896 1244 931 avium
1270 906 1360 931 con-

185 969 292 1000 stare
312 976 391 1000 non
410 963 591 1001 arbitror.

235 1033 367 1070 Asinis
405 1047 428 1069 a
462 1032 551 1070 fetu
586 1032 738 1077 dolent,
776 1033 866 1070 ideo
900 1039 1016 1070 sexto
1051 1045 1188 1070 mense
1223 1039 1361 1069 arcent

186 1108 338 1152 partus,
380 1116 470 1139 cum
513 1116 641 1153 equae
683 1116 787 1140 anno
829 1116 952 1153 prope
995 1108 1082 1139 toto
1124 1102 1359 1152 praebeant.

187 1173 328 1223 quibus
358 1172 482 1209 solida
510 1172 660 1222 ungula
682 1185 755 1209 nec
778 1186 896 1222 supra
919 1175 1097 1222 geminos
1120 1171 1241 1216 fetus,
1261 1171 1360 1209 haec

186 1244 319 1279 omnia
349 1242 462 1279 binas
493 1241 644 1279 habent
675 1255 883 1286 mammas,
914 1255 987 1279 nec
1018 1241 1138 1278 aliubi
1171 1254 1290 1291 quam
1321 1243 1359 1277 in

187 1311 411 1348 feminibus.
467 1311 609 1348 eodem
637 1311 711 1348 loci
740 1311 893 1348 bisulca
922 1317 964 1348 et
992 1314 1213 1361 cornigera,
1240 1310 1360 1347 boves

187 1386 417 1431 quaternas,
450 1394 543 1418 oves
578 1387 620 1418 et
652 1394 798 1431 caprae
830 1382 967 1425 binas3
1014 1394 1118 1431 quae
1151 1393 1360 1417 numeroso

187 1450 359 1487 fecunda
374 1457 492 1500 partu
511 1456 552 1488 et
569 1451 711 1501 quibus
728 1450 843 1501 digiti
860 1453 900 1487 in
915 1450 1098 1500 pedibus,
1112 1449 1212 1487 haec
1227 1450 1360 1500 plures

187 1520 337 1557 habent
353 1526 394 1557 et
404 1526 491 1557 toto
503 1527 642 1558 ventre
653 1520 799 1570 duplici
810 1520 962 1564 ordine,
972 1526 1017 1558 ut
1027 1533 1132 1564 sues,
1141 1533 1359 1570 generosae

186 1590 405 1633 duodenas,
419 1590 598 1640 volgares
611 1591 713 1627 binis
726 1593 855 1627 minus
869 1602 878 1634 3
905 1590 1087 1627 similiter
1098 1603 1229 1627 canes.
1283 1589 1359 1626 alia

187 1666 326 1697 ventre
359 1660 490 1697 medio
522 1665 752 1710 quaternas,
781 1666 826 1697 ut
858 1659 1095 1709 pantherae,
1126 1659 1204 1696 alia
1235 1659 1360 1703 binas‚

188 1736 232 1767 ut
260 1729 439 1766 leaenae.
494 1729 684 1780 elephans
711 1736 874 1767 tantum
900 1729 974 1767 sub
1002 1732 1118 1766 armis
1147 1729 1260 1773 duas,
1287 1741 1359 1766 nec

187 1803 226 1836 in
265 1805 427 1849 pectore
464 1799 535 1837 sed
572 1799 717 1836 iuxta2
754 1802 794 1836 in
832 1799 903 1837 alis
946 1799 1132 1837 occultas.
1188 1798 1283 1835 nulli
1321 1801 1359 1835 in

186 1869 399 1906 feminibus
447 1869 592 1919 digitos
641 1868 889 1906 habentium.
944 1872 1078 1919 primis
1127 1870 1272 1918 genitis
1320 1871 1359 1904 in

403 1988 416 2006 1
440 1988 491 2018 υλ.
509 1986 561 2019 hic
576 1991 606 2019 et
621 1986 711 2028 infra
727 1986 807 2019 laet.

405 2031 416 2049 2
439 2040 483 2060 an
500 2030 588 2061 eirea
604 2029 666 2068 (vel
682 2030 818 2069 iuxta)?
843 2029 1000 2070 Mayhoff
1010 2042 1018 2062 z
1044 2030 1138 2061 citra.

188 2092 258 2140 578
