1482 2312
131 440 192 471 106

132 1057 188 1087 107

419 148 608 186 PLINY:
657 149 919 186 NATURAL
954 148 1188 185 HISTORY

223 251 317 302 quid
342 252 511 302 tergori!
551 265 692 301 parum
718 257 777 288 est
804 254 875 288 nisi
903 253 969 301 qui
996 253 1188 288 vescimur
1207 250 1388 300 periculis

222 316 344 349 etiam
379 313 620 350 vestiamur?
684 313 785 350 adeo
818 326 887 362 per
920 318 1052 349 totum
1085 325 1225 361 corpus
1258 315 1388 348 anima

221 373 388 411 hominis
413 377 595 424 quaesita
619 377 792 411 maxime
815 373 1003 423 placent?

271 435 373 472 LIV.
404 435 643 485 Principium
665 448 758 484 ergo
778 435 1042 485 columenque
1062 437 1238 471 omnium
1258 447 1388 471 rerum

218 499 321 547 preti
340 500 579 546 margaritae
596 503 751 533 tenent.
809 496 966 532 Indicus
984 499 1157 532 maxime
1174 495 1245 532 has
1262 498 1389 532 mittit

220 571 390 595 oceanus
434 561 539 595 inter
578 558 665 594 illas
709 558 845 594 beluas
889 557 989 594 tales
1033 563 1247 606 tantasque
1292 570 1388 607 quas

219 619 390 656 diximus
411 633 481 668 per
500 625 562 656 tot
583 622 705 655 maria
726 622 932 656 venientes
952 624 1035 655 tam
1056 619 1173 668 longo
1192 624 1388 655 terrarum

219 687 351 717 tractu
376 694 397 717 e
420 684 544 717 tantis
567 681 657 717 solis
681 681 895 717 ardoribus.
952 686 1074 730 atque
1101 679 1206 716 Indis
1231 692 1388 730 quoque

221 745 259 778 in
278 742 423 778 insulas
442 748 635 791 petuntur
655 749 695 778 et
714 742 929 779 admodum
947 755 1113 791 paucas:
1146 740 1386 778 fertilissima

221 811 278 840 est
317 805 551 853 Taprobane
588 811 628 840 et
665 804 824 847 Stoidis,
862 810 904 840 ut
941 804 1111 840 diximus
1148 806 1186 839 in
1222 805 1386 840 circuitu

220 866 370 902 mundi.
394 868 490 902 item
516 865 712 902 Perimula
736 868 1054 915 promunturium
1081 864 1240 908 Indiae3
1276 878 1387 914 prae-

219 931 334 977 cipue
371 934 507 964 autem
544 927 757 964 laudantur
792 930 893 964 circa
932 927 1121 963 Arabiam
1158 929 1196 962 in
1234 925 1389 963 Persico

218 993 304 1026 sinu
332 993 447 1026 maris
475 990 609 1026 Rubri.

268 1051 390 1101 Origo
411 1058 533 1101 atque
553 1054 739 1101 genitura
759 1050 932 1088 conchae
953 1057 1046 1087 sunt
1063 1051 1076 1073 ¹
1098 1050 1194 1087 haut
1216 1051 1386 1087 multum

219 1120 438 1149 ostrearum
477 1112 634 1149 conchis
673 1112 933 1150 differentes.²
992 1112 1061 1148 has
1101 1113 1165 1148 ubi
1205 1112 1389 1162 genitalis

221 1178 311 1210 anni
327 1175 543 1211 stimulavit
558 1174 898 1224 hora‚pandentes
912 1187 953 1211 se
971 1174 1142 1223 quadam
1156 1176 1389 1210 oscitatione

221 1236 372 1285 impleri
408 1236 558 1273 roscido
592 1242 787 1285 conceptu
823 1235 1000 1279 tradunt,
1035 1235 1216 1285 gravidas
1250 1241 1388 1284 postea

221 1301 331 1339 eniti,
371 1304 609 1347 partumque
648 1297 885 1334 concharum
917 1310 1001 1334 esse
1032 1299 1280 1346 margaritas,
1319 1309 1389 1345 pro

220 1359 415 1409 qualitate
432 1362 526 1396 roris
545 1362 697 1408 accepti
714 1372 721 1395 :
755 1362 783 1395 si
804 1372 924 1408 purus
943 1358 1158 1401 influxerit,
1175 1357 1387 1395 candorem

219 1423 405 1469 conspici,
447 1424 477 1457 si
523 1434 613 1457 vero
656 1420 851 1463 turbidus,
895 1426 935 1456 et
979 1419 1105 1456 fetum
1150 1419 1386 1456 sordescere.

221 1482 392 1518 eundem
423 1482 573 1531 pallere
604 1482 715 1518 caelo
748 1485 947 1518 minante:
992 1487 1229 1530 conceptum
1262 1494 1309 1517 ex
1343 1494 1389 1517 eo

221 1546 367 1592 quippe
400 1550 595 1586 constare,
628 1543 808 1593 caelique
844 1546 898 1579 eis
932 1546 1121 1579 maiorem
1154 1545 1386 1579 societatem

220 1617 305 1641 esse
325 1618 444 1654 quam
463 1608 594 1647 maris,
614 1604 704 1641 inde
725 1603 901 1640 nubilum
920 1603 1022 1641 trahi
1042 1603 1213 1640 colorem
1232 1609 1300 1639 aut
1320 1616 1388 1652 pro

132 1670 191 1701 108
215 1665 399 1703 claritate
414 1669 610 1703 matutina
624 1679 820 1702 serenum.
876 1669 906 1701 si
927 1668 1166 1714 tempestive
1193 1667 1388 1701 satientur

219 1727 482 1777 grandescere
513 1734 552 1765 et
584 1733 731 1777 partus.
787 1730 816 1763 si
848 1726 1037 1776 fulguret,
1066 1728 1269 1776 comprimi
1298 1739 1386 1763 con-

381 1830 388 1848 ¹
416 1829 569 1870 Mayhoff
581 1842 587 1861 :
611 1834 672 1861 est.
832 1829 844 1846 ²
868 1828 1022 1869 Maylwss
1034 1841 1040 1860 :
1065 1828 1232 1859 different.

346 1953 359 1967 ⁰
382 1950 443 1980 See
461 1949 492 1988 ἐξ
516 1951 537 1980 4
552 1949 576 1981 f.
594 1949 712 1980 above.
913 1948 925 1968 θ
948 1947 995 1979 VI
1011 1949 1048 1979 81
1068 1946 1136 1979 and
1154 1948 1225 1979 110.

472 1996 483 2010 ⁶
505 1991 576 2023 The
593 1995 686 2032 story
704 1992 729 2021 is
747 1991 781 2022 of
798 2001 913 2022 course
929 1991 1126 2031 imaginary.

219 2073 286 2109 234
