1482 2312
178 436 215 466 16

178 1051 215 1082 17

179 1605 218 1636 18

436 142 602 182 PLINY
617 157 625 182 ι
677 145 940 183 NATURAL
976 145 1213 183 HISTORY

238 246 310 284 bus
340 249 441 284 sucis
473 252 613 284 contra
641 247 809 284 aliarum
836 247 1097 285 bestiolarum
1124 248 1349 293 aviditates,
1371 248 1411 285 id

238 321 281 345 se
307 307 482 345 facturas
509 311 688 346 consciae
717 308 824 359 quod
850 312 1070 359 concupisci
1099 312 1246 359 possit3
1286 310 1411 347 isdem

238 369 340 406 fores
359 383 517 419 quoque
533 369 696 407 latiores
714 373 1033 407 circumstruunt.

288 430 355 467 VI.
385 431 517 467 Prima
552 430 818 468 fundamenta
852 435 1068 469 commosin
1104 438 1247 469 vocant
1282 435 1412 482 periti,

238 492 412 529 secunda
457 495 695 542 pissoceron,
740 495 864 529 tertia
915 493 1110 542 propolin,
1155 496 1260 530 inter
1309 496 1413 530 coria

238 567 442 603 cerasque,
484 556 617 604 magni
655 553 706 590 ad
742 554 1005 591 medicamina
1041 568 1145 591 usus.
1208 557 1413 592 commosis

237 621 369 652 crusta
386 621 446 652 est
461 618 588 664 prima
607 618 755 665 saporis
771 618 906 652 amari.
954 619 1170 666 pissoceros
1186 629 1306 666 super
1325 629 1414 653 eam

240 679 361 721 venit,
383 680 604 726 picantium
625 676 756 722 modo,
777 690 851 714 ceu
877 676 1041 714 dilutior
1067 690 1170 714 cera.
1228 691 1250 714 e
1275 680 1413 715 vitium

239 738 554 788 populorumque
574 741 730 775 mitiore
750 741 895 775 cummi
914 738 1087 788 propolis
1112 742 1309 776 crassioris
1335 742 1413 776 iam

240 802 434 836 materiae
464 799 609 837 additis
639 799 813 844 floribus,
842 800 1019 837 nondum
1046 806 1184 837 tamen
1212 814 1317 845 cera,
1344 801 1414 838 sed

239 860 418 898 favorum
463 861 794 905 stabilimentum,
841 874 919 911 qua
964 875 1100 898 omnes
1146 861 1300 912 frigoris
1345 868 1413 899 aut

240 926 404 959 iniuriae
423 923 553 960 aditus
572 923 845 967 obstruuntur,
863 922 983 960 odore
1002 928 1043 960 et
1060 925 1146 973 ipsa
1163 926 1382 960 etiamnum
1399 922 1413 946 ¹

239 987 363 1035 gravi,
380 990 423 1021 ut
442 997 520 1034 qua
536 984 715 1034 plerique
732 998 803 1034 pro
819 984 993 1035 galbano
1009 990 1186 1021 utantur.

290 1045 323 1081 V
327 1045 379 1082 II.
409 1045 576 1082 Praeter
628 1045 727 1083 haec
779 1045 1014 1083 convehitur
1067 1045 1243 1084 erithace
1297 1060 1413 1097 quam

240 1107 359 1157 aliqui
393 1107 668 1151 sandaracam,
697 1107 763 1143 alii
790 1106 1015 1144 cerinthum
1043 1113 1209 1144 vocant:
1250 1106 1312 1145 hic
1340 1111 1415 1145 erit

240 1172 373 1218 apium
411 1169 506 1206 dum
544 1175 759 1218 operantur
794 1169 918 1213 cibus,
955 1171 1022 1219 quj
1058 1182 1179 1219 saepe
1219 1172 1416 1207 invenitur

241 1233 279 1266 in
324 1230 503 1267 favorum
548 1231 808 1267 inanitatibus
847 1233 1055 1280 sepositus,
1094 1237 1136 1268 et
1172 1233 1256 1280 ipse
1293 1235 1413 1268 amari

240 1295 402 1341 saporis,
446 1295 623 1342 gignitur
667 1298 802 1329 autem
848 1305 934 1329 rore
979 1305 1099 1329 verno
1144 1298 1186 1329 et
1232 1293 1414 1330 arborum

240 1367 332 1390 suco
383 1356 598 1390 cummium
648 1353 777 1390 modo.
842 1356 997 1403 capitur
1042 1356 1082 1390 in
1134 1353 1214 1391 ficis
1226 1353 1413 1392 2—-austri

241 1415 339 1452 flatu
393 1418 552 1465 nigrior,
605 1415 854 1465 aquilonibus
915 1415 1056 1452 melior
1112 1421 1153 1452 et
1220 1416 1416 1453 rubens-

240 1477 430 1526 plurimus
468 1479 509 1513 in
548 1476 709 1514 Graecis
747 1477 924 1513 nucibus.
988 1476 1242 1514 Menecrates
1280 1477 1414 1514 florem

242 1552 327 1575 esse
345 1538 454 1582 dicit,
472 1538 543 1575 sed
559 1551 677 1575 nemo
694 1544 855 1588 praeter
873 1551 976 1575 eum.

291 1599 402 1637 VIII.
432 1599 552 1637 Ceras
604 1613 654 1637 ex
705 1602 881 1637 omnium
927 1600 1111 1636 arborum
1160 1605 1415 1650 satorumque

243 1661 400 1698 floribus
430 1662 662 1712 confingunt
693 1667 864 1711 excepta
899 1664 1047 1698 rumice
1078 1667 1120 1698 et
1151 1660 1415 1711 echinopode:

242 1722 454 1760 herbarum
478 1722 576 1760 haec
600 1736 761 1774 genera.
815 1722 914 1759 falso
940 1725 1135 1772 excipitur
1159 1729 1200 1760 et
1223 1729 1415 1772 spartum,

404 1825 415 1844 ¹
439 1825 532 1857 edd.:
557 1826 765 1857 etiamnunc.

402 1868 414 1886 ‘-‘
439 1868 595 1909 Maylzoff
606 1880 613 1900 ε
638 1869 773 1909 capitur
788 1867 842 1899 fici
859 1867 1008 1909 (capitur
1024 1867 1129 1899 Africi
1145 1867 1268 1909 Silliq).

349 1975 362 1988 ‘¹
386 1971 446 2003 Le.
466 1970 473 1983 ‘
488 1970 687 2012 gumming‚'
707 1970 714 1982 ⁴
731 1970 977 2012 pitch-waxing
993 1970 1000 1982 ’
1019 1970 1087 2001 and
1106 1969 1113 1981 ‘
1130 1969 1305 2011 bee·glue.’

352 2013 364 2032 ²²
388 2013 537 2054 Perhaps
555 2012 700 2054 bugloss.

242 2087 311 2120 442
