1482 2368
131 886 168 917 21

403 150 569 189 PLINY
584 166 592 189 :
642 152 905 190 NATURAL
940 151 1176 190 HISTORY

198 253 322 292 altero
339 253 559 299 consulatu,
576 254 826 292 dedicatione
844 254 983 305 templi
1001 254 1165 292 Veneris
1183 254 1376 298 Victricis,

198 326 337 374 viginti
365 337 593 374 pugnavere
622 326 662 360 in
690 326 792 361 circo
821 330 904 369 aut,
933 329 978 361 ut
1007 323 1169 374 quidam
1197 323 1376 368 tradunt,

197 405 292 438 xvn,
335 393 515 430 Gaetulis
569 406 618 430 ex
671 393 835 430 adverso
890 393 1166 438 iaculantibus,
1209 392 1375 429 mirabili

198 465 311 500 unius
326 463 593 507 dimicatione,
608 465 673 513 qui
688 463 856 513 pedibus
870 462 1057 500 confossis
1072 465 1194 513 repsit
1209 463 1376 512 genibus

198 534 237 568 in
265 538 456 576 catervas,
485 533 653 582 abrepta
680 538 793 569 scuta
820 534 966 569 iaciens
995 534 1035 568 in
1063 532 1244 576 sublime,
1273 545 1375 581 quae

199 601 424 639 decidentia
462 602 657 652 voluptati
696 603 969 652 spectantibus
1009 607 1123 638 erant
1162 604 1200 637 in
1240 602 1375 638 orbem

198 674 448 716 circumacta,
473 671 581 709 velut
605 677 690 709 arte
715 685 793 709 non
817 671 948 708 furore
972 671 1114 708 beluae
1138 673 1374 708 iacerentur.

198 755 387 792 magnum
408 747 450 779 et
470 744 509 778 in
531 741 656 779 altero
677 741 909 778 miraculum
930 740 1006 778 fuit
1027 754 1105 778 uno
1124 743 1207 778 ictu
1228 743 1377 784 occiso;

198 811 322 862 pilum
350 810 530 848 etenim¹
559 812 632 848 sub
659 811 771 848 oculo
799 811 985 848 adactum
1014 813 1054 847 in
1084 810 1217 847 vitalia
1237 812 1377 860 capitis

201 887 376 918 venerat.
428 883 597 918 universi
623 883 873 931 eruptionem
899 885 1164 930 temptavere,
1189 893 1268 917 non
1293 882 1377 917 sine

201 954 409 988 vexatione
437 951 585 1001 populi,
612 951 863 988 circumdatis
891 950 1070 987 claustris
1097 949 1246 987 ferreis.
1300 962 1378 999 qua

198 1021 248 1058 de
275 1034 393 1058 causa
420 1020 565 1058 Caesar
590 1020 761 1058 dictator
788 1026 928 1070 postea
954 1019 1079 1057 simile
1106 1018 1377 1069 spectaculum

201 1090 379 1127 editurus
417 1093 561 1139 euripis
597 1089 788 1126 harenam
823 1088 1100 1133 circumdedit,
1137 1102 1234 1138 quos
1271 1087 1377 1124 Nero

205 1163 388 1209 princeps
415 1159 575 1197 sustulit
595 1162 719 1210 equiti
735 1159 822 1196 loca
840 1159 1003 1196 addens.
1058 1158 1129 1196 sed
1147 1157 1376 1207 Pompeiani

203 1232 321 1267 missa
358 1229 479 1280 fugae
517 1243 587 1280 spe
634 1229 942 1266 misericordiam
981 1228 1085 1279 vulgi
1125 1227 1376 1265 inenarrabili

203 1299 343 1336 habitu
367 1305 605 1350 quaerentes
628 1299 901 1349 supplicavere
924 1298 1098 1349 quadam
1120 1311 1207 1335 sese
1227 1297 1378 1334 lamen·

202 1372 357 1407 tatione
390 1369 683 1419 conplorantes‚
715 1375 832 1406 tanto
866 1368 1000 1419 populi
1034 1368 1169 1405 dolore
1203 1373 1248 1404 ut
1281 1366 1378 1404 obli-

201 1445 266 1476 tus
280 1442 530 1489 imperatoris
545 1452 591 1476 ac
605 1439 902 1476 munificentiae
917 1438 1055 1475 honori
1069 1451 1139 1475 suo
1155 1439 1377 1487 exquisitae

202 1508 298 1546 flens
329 1512 534 1546 universus
564 1514 823 1559 consurgeret
850 1508 1034 1558 dirasque
1062 1507 1251 1557 Pompeio
1280 1519 1377 1556 quas

199 1578 266 1615 ille
295 1592 388 1615 mox
417 1578 522 1615 luit²
550 1581 835 1628 inprecaretur.
890 1590 1120 1628 pugnavere
1150 1582 1192 1613 et
1217 1575 1376 1613 Caesari

201 1648 387 1685 dictatori
409 1650 532 1685 tertio
555 1647 764 1685 consulatu
789 1650 872 1685 eius
896 1650 1036 1698 viginti
1059 1651 1198 1683 contra
1219 1645 1376 1695 pedites

201 1730 241 1762 D,
275 1720 502 1768 iterumque
542 1717 714 1755 totidem
751 1719 884 1754 turriti
922 1730 1012 1754 cum
1046 1718 1256 1766 sexagenis
1288 1728 1376 1767 pro—

514 1830 525 1848 1
549 1829 699 1860 etenim?
725 1827 897 1868 Mayhoff:
922 1832 1049 1859 autem.

511 1871 524 1890 ²
545 1872 599 1903 v.l.
614 1870 679 1903 luit
694 1881 833 1912 poenas.

478 2015 491 2029 ¹³
513 2009 555 2039 49
572 2016 638 2040 Β.ο.
931 2004 944 2024 ¹³
968 2006 1009 2037 46
1026 2014 1092 2039 Β.ο.

203 2063 247 2100 16
