1482 2312
160 326 200 356 35

161 967 202 997 36

164 1930 205 1960 38

424 151 590 189 PLINY
605 166 613 190 z
665 153 927 190 NATURAL
965 153 1200 191 HISTORY

225 261 381 300 exortu,
420 261 631 305 praeterea
668 255 849 299 solstitio,
887 269 976 292 cum
1022 255 1206 306 thymum
1245 262 1287 294 et
1324 270 1398 294 uva

226 320 364 356 florere
399 322 604 368 incipiunt,
631 322 843 369 praecipua
876 319 1066 356 cellarum
1099 323 1278 357 materia.
1339 326 1399 358 est

225 390 361 420 autem
409 386 449 420 in
491 383 709 420 eximendis
748 383 846 420 favis
887 387 1107 421 necessaria
1146 384 1399 434 dispensatio,

226 450 412 498 quoniam
453 450 585 497 inopia
621 448 696 484 cibi
735 448 949 497 desperant
995 451 1294 498 moriunturque
1331 455 1399 486 aut

225 511 451 561 diffugiunt,
465 518 603 548 contra
617 515 729 561 copia
748 514 947 562 ignaviam
961 511 1106 556 adfert,
1120 526 1165 549 ac
1177 515 1256 548 iam
1269 512 1400 557 melle,

227 589 303 612 non
338 575 527 619 erithace,
554 581 791 624 pascuntur3
834 589 927 626 ergo
954 576 1224 626 diligentiores
1253 590 1303 614 ex
1328 575 1400 614 hac

227 639 424 676 vindemia
443 653 491 676 xv
512 645 667 689 partem
697 640 835 689 apibus
864 640 1101 690 relinquont.
1163 640 1246 677 dies
1273 646 1400 677 status

226 703 470 740 inchoandae
506 710 549 741 ut
585 704 758 754 quadam
801 704 889 755 lege
923 710 1105 748 naturae,
1138 707 1168 741 si
1202 707 1299 741 scire
1332 711 1401 742 aut

226 769 434 805 observare
478 767 656 807 homines
693 768 855 813 vellent,
889 771 1136 805 tricensimus
1173 769 1223 805 ab
1259 768 1401 806 educto

227 835 432 875 examine3
492 832 655 882 fereque
704 832 813 869 Maio
858 845 995 869 mense
1049 832 1260 870 includitur
1304 832 1401 870 haec

228 896 437 933 vindemia.

279 960 463 997 Alterum
483 974 607 1010 genus
625 966 685 997 est
701 960 829 998 mellis
845 963 997 1005 aestivi,
1014 961 1119 1011 quod
1138 961 1227 998 ideo
1241 967 1402 998 vocatur

227 1024 400 1061 horaeon
439 1039 460 1061 a
492 1028 810 1074 tempestivitate
843 1028 1070 1075 praecipua,
1101 1028 1184 1075 ipso
1215 1027 1305 1062 sirio
1336 1039 1400 1062 ex-

227 1089 545 1139 splendescente,
564 1095 652 1138 post
685 1089 897 1126 solstitium
927 1089 1066 1126 diebus
1096 1102 1169 1126 xxx
1197 1089 1293 1127 fere.
1346 1092 1400 1126 in-

226 1167 364 1190 mensa
389 1156 492 1190 circa
518 1152 590 1190 hoc
616 1153 816 1190 subtilitas
841 1159 1010 1190 naturae
1034 1153 1267 1190 mortalibus
1291 1160 1399 1203 pate-

226 1217 334 1254 facta
354 1224 428 1261 est,
447 1220 517 1253 nisi
536 1217 643 1253 fraus
662 1217 863 1254 hominum
882 1224 1026 1254 cuncta
1043 1221 1215 1268 pernicie
1233 1231 1398 1255 corrum·

229 1288 356 1332 peret.
413 1295 585 1331 namque
634 1282 684 1318 ab
734 1288 876 1319 exortu
924 1282 1061 1319 sideris
1109 1285 1402 1332 cuiuscumque.

227 1346 298 1383 sed
331 1346 521 1382 nobilium
560 1349 746 1389 maxime,
782 1352 850 1383 aut
884 1346 1067 1383 caelestis
1102 1360 1227 1390 arcus,
1260 1349 1291 1383 si
1325 1360 1401 1383 non

228 1416 446 1460 sequantur
492 1411 635 1446 imbres
679 1410 749 1447 sed
792 1424 853 1447 ros
896 1416 1078 1460 tepescat
1128 1410 1219 1448 solis
1272 1410 1402 1454 radiis,

228 1474 535 1517 medicamenta,
555 1487 632 1510 non
656 1474 790 1518 mella,
809 1478 1039 1525 gignuntur,
1057 1475 1192 1518 oculis,
1209 1475 1403 1512 ulceribus

228 1541 472 1588 internisque
528 1539 738 1575 visceribus
794 1538 898 1575 dona
951 1539 1152 1576 caelestia.
1214 1539 1319 1589 quod
1372 1542 1401 1576 si

228 1608 408 1639 servetur
451 1602 524 1639 hoc
561 1602 659 1639 Sirio
688 1605 893 1640 exoriente
929 1616 1101 1653 casuque
1137 1609 1329 1653 congruat
1364 1606 1401 1640 in

230 1666 400 1703 eundem
437 1666 557 1710 diem,
594 1672 637 1703 ut
681 1680 816 1716 saepe,
852 1667 1016 1704 Veneris
1052 1673 1121 1704 aut
1159 1667 1259 1704 Iovis
1297 1667 1402 1704 Mer-

228 1734 359 1768 curive
390 1737 565 1774 exortus,
595 1744 672 1767 non
703 1731 781 1767 alia
813 1734 986 1768 suavitas
1016 1734 1149 1781 visque
1178 1731 1401 1768 mortalium

230 1795 342 1832 malis
388 1809 410 1831 a
456 1801 585 1832 morte
631 1795 861 1832 revocandjs
909 1808 1027 1845 quam
1075 1795 1194 1832 divini
1233 1798 1403 1833 nectaris

234 1859 316 1896 fiat.

279 1923 364 1960 XV.
401 1923 485 1959 Mel
518 1923 734 1973 plenilunio
771 1924 929 1960 uberius
963 1926 1131 1973 capitur,
1166 1937 1305 1960 sereno
1339 1924 1402 1961 die

230 1989 424 2037 pinguius.
496 1989 535 2023 in
573 1990 679 2023 omni
717 1987 837 2024 melle
875 1987 981 2037 quod
1019 2001 1090 2037 per
1127 2000 1168 2024 se
1208 1987 1321 2025 fluxit
1358 1994 1401 2025 ut

230 2086 300 2123 454
