1482 2312
155 427 213 459 138

157 954 215 986 139

158 1483 215 1513 140

433 143 599 182 PLINY
613 157 621 181 :
671 144 933 182 NATURAL
967 142 1202 181 HISTORY

235 258 346 284 Dcxc1
380 246 570 284 Cicerone
603 259 679 283 cos.
734 245 908 296 dibapha
937 252 1033 283 tunc
1063 245 1271 283 dicebatur
1299 259 1398 297 quac

235 306 294 342 bis
321 309 447 342 tincta
473 311 592 349 esset,
619 305 740 342 veluti
768 305 977 354 magnifico
998 304 1212 354 impendio,
1232 305 1401 355 qualiter

236 377 338 400 nunc
353 377 488 400 omnes
501 376 631 413 paene
644 363 928 400 commodiores
942 376 1139 412 purpurae
1152 366 1400 413 tinguuntur.

289 422 430 459 LXIV.
462 422 508 458 In
543 421 793 471 conchyliata
827 427 939 458 veste
973 427 1108 458 cetera
1143 421 1284 458 eadem
1319 424 1402 459 sine

237 481 393 524 bucino,
434 486 674 530 praeterque
716 483 774 516 ius
815 485 1066 528 temperatur
1105 493 1209 529 aqua
1250 486 1291 516 et
1331 493 1402 529 pro

236 540 401 576 indiviso
447 539 606 575 humani
654 544 771 588 potus
818 544 1096 581 excremento3
1154 538 1317 575 dimidia
1362 544 1403 576 et

235 598 499 635 medicamina
538 597 751 634 adduntur.
806 600 860 633 sic
899 599 1076 647 gignitur
1114 596 1300 634 laudatus
1338 596 1404 634 ille

236 656 362 706 pallor
384 659 597 693 saturitate
621 655 806 692 fraudata
825 661 1020 705 tantoque
1043 653 1231 692 dilutiorl
1255 661 1404 705 quanto

236 718 363 765 magis
385 715 532 752 vellera
554 717 744 751 esuriunt.

288 773 422 810 Pretia
453 773 745 810 medicamento
777 778 869 809 sunt
901 771 1062 822 quidem
1093 784 1164 821 pro
1195 771 1405 809 fertilitate

236 832 395 869 litorum
419 832 568 874 viliora,
593 845 669 868 non
694 837 831 868 tamen
856 844 1023 880 usquam
1046 830 1191 881 pelagii
1216 837 1405 868 centenas

236 890 355 928 libras
396 894 696 940 quinquagenos
737 903 917 926 nummos
958 888 1152 926 excedere
1192 895 1235 926 et
1274 889 1404 926 bucini

239 956 428 986 centenos
452 953 577 986 sciant
602 952 666 998 qui
691 951 767 985 ista
789 954 1017 985 mercantur
1038 950 1229 985 inmenso.
1285 947 1404 985 LXV.

235 1015 298 1046 set
326 1008 403 1044 alia
432 1021 453 1045 e
482 1008 559 1045 fine
588 1010 713 1049 initia,
743 1009 932 1056 iuvatque
966 1006 1102 1043 ludere
1136 1006 1336 1055 impendio
1364 1012 1406 1044 et

237 1067 343 1104 lusus
373 1070 577 1117 geminare
606 1065 807 1102 miscendo
836 1068 1063 1114 iterumque
1095 1071 1135 1101 et
1165 1067 1249 1114 ipsa
1278 1065 1405 1102 adult-

237 1139 349 1162 erare
381 1125 576 1162 adulteria
609 1131 790 1167 naturae,
822 1126 921 1161 sicut
953 1123 1177 1160 testudines
1208 1126 1406 1174 tinguere,

237 1190 448 1234 argentum
477 1197 572 1220 auro
599 1183 842 1220 confundere
872 1189 915 1219 ut
944 1182 1092 1219 electra
1120 1181 1231 1225 fiant,
1259 1181 1406 1220 addere

237 1242 296 1280 his
315 1256 408 1280 aera
428 1249 472 1279 ut
493 1241 708 1279 Corinthia.
764 1254 842 1278 non
867 1247 927 1278 est
950 1243 1046 1277 satis
1070 1240 1278 1278 abstulisse
1297 1254 1406 1291 gem-

237 1315 327 1338 mae
364 1314 509 1338 nomen
541 1299 837 1350 amethystum3
879 1312 1033 1336 rursum
1059 1298 1262 1336 absolutus
1281 1298 1296 1322 ²
1325 1301 1406 1337 ine-

237 1360 390 1396 briatur
417 1360 549 1410 Tyrio,
579 1366 623 1395 ut
651 1362 701 1396 sit
733 1372 782 1395 ex
810 1364 981 1408 utroque
1010 1370 1155 1394 nomen
1184 1357 1406 1407 improbum

238 1419 433 1468 simulque
468 1419 622 1455 luxuria
657 1417 827 1466 duplex3
877 1422 918 1453 et
951 1429 1041 1453 cum
1075 1415 1282 1453 confecere
1315 1429 1404 1454 con-

239 1477 381 1528 chylia,
400 1480 569 1514 transire
589 1476 728 1513 melius
749 1479 787 1512 in
806 1475 968 1525 Tyrium
988 1480 1145 1524 putant.
1199 1477 1405 1524 paeniten-

238 1539 295 1573 tia
311 1536 383 1573 hoc
400 1539 569 1585 primum
585 1535 707 1572 debet
723 1537 920 1571 invenisse
936 1533 1086 1570 artifice
1101 1538 1286 1570 mutante
1301 1533 1406 1584 quod

239 1595 480 1637 damnabat3
522 1594 613 1631 inde
648 1596 749 1630 ratio
782 1599 891 1636 nata,
924 1590 1172 1641 votumque3
1206 1591 1356 1628 factum
1384 1606 1406 1629 e

242 1657 335 1691 vitio
360 1656 601 1704 portentosis
620 1655 790 1703 ingeniis
811 1657 853 1689 et
871 1653 1031 1702 gemina
1051 1650 1324 1688 demonstrata
1344 1653 1405 1688 via

445 1739 456 1757 ¹
479 1738 681 1770 dilucidior?
707 1737 776 1769 edd.

443 1780 456 1799 ¹
478 1781 562 1812 Edd.
578 1792 586 1811 :
611 1780 808 1811 absolutum
826 1778 1002 1817 (ablutum
1019 1777 1211 1816 Rackham).

443 1824 456 1842 ³
479 1825 585 1863 -queT
604 1822 777 1863 Maylwff:
803 1822 957 1862 quisque.

281 1916 297 1932 ⁰
317 1911 388 1943 The
408 1910 516 1942 Greek
533 1919 633 1940 name
651 1908 843 1948 amethystos
864 1918 930 1940 was
949 1907 1019 1940 also
1038 1906 1120 1940 used
1138 1906 1172 1940 οἱ
1190 1918 1210 1939 a
1228 1905 1309 1939 herb
1327 1916 1401 1949 sup-

236 1954 338 1997 posed
354 1959 390 1985 to
404 1953 494 1984 ward
510 1953 556 1983 off
570 1953 801 1984 intoxication.

283 1997 293 2013 '¹
318 1996 624 2037 Tyriamethystus.

238 2058 305 2104 256
