1482 2312
461 137 625 176 PLINY
641 151 650 175 z
699 138 961 176 NATURAL
996 138 1230 176 HISTORY

265 240 427 291 singulis
469 240 646 289 scripulis
685 253 902 277 excessere.
967 243 1007 276 in
1049 241 1252 278 Britannia
1292 254 1431 292 parvos

265 300 388 344 atque
423 293 625 330 decolores
660 296 765 330 nasci
801 299 955 330 certum
991 300 1066 338 est,
1101 297 1286 344 quoniam
1321 295 1432 332 divus

267 346 389 384 Iulius
419 346 623 383 thoracem
655 359 774 396 quem
805 346 949 383 Veneri
982 347 1183 384 Genetrici
1213 350 1253 384 in
1282 348 1433 398 templo

267 403 350 437 eius
371 400 517 437 dicavit
538 413 587 437 ex
608 399 844 436 Britannicis
865 403 1089 450 margaritis
1102 400 1251 437 factum
1266 401 1433 438 voluerit

262 453 456 504 intellegi.

183 512 243 543 117
322 506 467 543 LVIII.
499 506 666 542 Lolliam
689 506 909 550 Paulinam,
932 519 1034 555 quae
1056 505 1131 543 fuit
1154 506 1228 543 Gai
1250 510 1433 557 principis

267 566 462 603 matrona,
477 573 526 596 ne
541 563 642 596 serio
657 559 818 609 quidem
833 565 902 595 aut
916 559 1094 596 sollemni
1108 563 1433 597 caerimoniarum

266 613 398 662 aliquo
429 619 624 662 apparatu
655 612 725 649 sed
755 612 1011 649 mediocrium
1043 615 1164 649 etiam
1195 614 1435 662 sponsalium

265 680 364 703 cena
394 666 471 703 vidi
501 666 718 715 smaragdis
749 669 1052 715 margaritisque
1077 672 1258 715 opertam
1282 667 1435 703 alterno

265 726 382 756 textu
431 719 676 769 fulgentibus
718 724 806 756 toto
853 722 998 768 capite,
1045 719 1229 762 crinibus,
1274 719 1434 770 [spira]1

266 773 439 816 auribus,
471 772 585 816 collo,
618 771 887 823 [monilibus]2
933 772 1080 822 digitis,
1111 773 1242 822 quae3
1283 786 1436 809 summa

268 826 594 876 quadringenties
618 828 846 862 sestertium
872 825 1098 875 colligebat,
1121 829 1205 875 ipsa
1227 826 1435 863 confestim

267 886 409 928 parata
439 882 789 928 mancupationem
819 878 965 915 tabulis
997 879 1185 927 probare3
1230 892 1302 916 nec
1333 879 1436 916 dona

269 933 422 982 prodigi
450 935 634 982 principis
661 932 834 974 fuerant,
860 931 930 968 sed
956 935 1086 968 avitae
1113 945 1221 981 opes,
1246 935 1436 981 provinci-

188 990 247 1021 lla
271 999 382 1022 arum
427 986 575 1023 scilicet
620 985 751 1034 spoliis
796 991 947 1033 partae.
1001 984 1063 1021 hic
1108 991 1168 1021 est
1210 988 1435 1034 rapinarum

270 1042 415 1082 exitus,
442 1038 515 1075 1100
542 1038 617 1075 fuit
645 1051 767 1088 quare
796 1039 854 1075 M.
884 1037 1031 1074 Lollius
1057 1038 1271 1075 infamatus
1298 1052 1436 1089 regum

270 1093 499 1129 muneribus
529 1095 567 1128 in
597 1098 685 1128 toto
714 1094 868 1128 oriente
898 1091 1109 1128 interdicta
1139 1094 1312 1128 amicitia
1341 1105 1363 1128 a
1392 1091 1434 1129 C.

271 1145 441 1182 Caesare
476 1146 646 1195 Augusti
683 1145 761 1181 filio
796 1158 991 1181 venenum
1025 1145 1195 1187 biberet,
1228 1150 1273 1181 ut
1306 1148 1436 1194 neptis

271 1202 353 1236 eius
376 1199 702 1249 quadringenties
725 1197 791 1234 HS
814 1204 953 1247 operta
975 1204 1223 1247 spectaretur
1244 1198 1295 1235 ad
1316 1198 1437 1235 lucer-

272 1253 364 1289 nas!
389 1258 595 1301 computet
615 1265 718 1288 nunc
736 1251 875 1300 aliquis
895 1264 943 1287 ex
962 1251 1088 1287 altera
1105 1257 1220 1300 parte
1244 1258 1435 1301 quantum

272 1305 411 1342 Curius
431 1312 500 1342 aut
516 1305 715 1341 Fabricius
733 1307 771 1340 in
783 1303 994 1353 triumphis
1006 1304 1185 1348 tulerint,
1199 1307 1438 1354 imaginetur

270 1359 425 1395 illorum
458 1359 621 1401 fercula,
655 1364 696 1395 et
731 1371 779 1394 ex
813 1357 939 1394 altera
971 1363 1085 1406 parte
1120 1357 1284 1394 Lolliam
1318 1371 1436 1394 unam

272 1415 500 1461 imperatori
518 1412 533 1435 ‘²
577 1411 847 1448 mulierculam
891 1411 1175 1447 accubantem:
1233 1424 1311 1447 non
1353 1411 1438 1448 illos

192 1470 250 1501 119
273 1478 386 1502 curru
406 1465 607 1503 detractos
625 1478 745 1515 quam
770 1468 808 1500 in
832 1463 905 1501 hoc
924 1467 1059 1501 vicisse
1078 1463 1217 1500 malit?
1251 1477 1323 1501 nec
1341 1463 1438 1501 haec

272 1532 425 1555 summa
456 1519 632 1556 luxuriae
661 1517 845 1567 exempla
873 1524 976 1554 sunt.
1032 1517 1110 1554 duo
1138 1517 1249 1554 fuere
1277 1520 1436 1554 maximi

277 1575 439 1609 uniones
487 1585 559 1622 per
606 1585 723 1609 omne
772 1583 937 1612 aevum:
1000 1577 1214 1621 utrumque
1263 1571 1437 1619 possedit

273 1625 485 1675 Cleopatra
512 1626 691 1675 Aegypti
717 1627 943 1674 reginarum
970 1627 1178 1660 novissima
1204 1637 1275 1673 per
1300 1637 1438 1660 manus

462 1719 474 1738 ¹
496 1719 735 1750 Friedlaemler.
930 1717 942 1735 ²
966 1717 1205 1749 Friedlaemler.

460 1762 472 1780 ³
496 1761 651 1802 Mayhoff
661 1774 669 1793 :
694 1772 769 1801 que.
931 1760 943 1779 ⁴
967 1760 1165 1800 Dalecamp:
1189 1759 1331 1801 imperii.

315 1878 329 1893 '¹
350 1874 444 1915 They
479 1885 534 1905 are
568 1873 672 1904 found
704 1872 925 1913 occasionally
956 1873 990 1903 in
1024 1871 1081 1902 the
1115 1871 1270 1912 ordinary
1305 1870 1437 1906 mussel,

272 1922 384 1958 oyster
407 1917 472 1947 and
498 1917 611 1957 pinna,
638 1916 697 1947 but
721 1915 896 1956 especially
918 1916 951 1945 in
973 1915 1030 1945 the
1054 1923 1208 1944 common
1231 1913 1438 1944 fresh—water

273 1960 420 2043 mqssgssg
436 2013 456 2033 a
471 2001 561 2032 third
577 2002 612 2032 of
626 2012 646 2032 a
662 2000 789 2032 million
804 2000 935 2041 pounds
949 1999 1037 2040 gold.

275 2075 341 2108 242
