1482 2312
155 245 216 277 143

154 919 215 951 144

152 1289 213 1319 145

433 136 600 174 PLINY
614 151 623 174 ι
676 137 942 175 NATURAL
977 136 1213 175 HISTORY

293 239 482 276 LXXIII.
514 240 731 277 Generatio
763 242 893 276 avium
923 239 1091 290 simplex
1122 239 1279 277 videtur
1309 253 1409 285 esse,

237 314 326 338 cum
347 307 389 338 et
408 303 494 351 ipsa
513 300 662 338 habeat
686 314 757 337 sua
782 301 984 345 miracula,
1009 303 1195 351 quoniam
1221 307 1263 338 et
1286 301 1408 352 quad-

236 362 392 412 ripedes
413 375 486 399 ova
500 365 685 413 gignunt,
701 361 1038 406 chamaeleontes,
1055 362 1230 399 lacertae
1247 368 1288 399 et
1305 375 1407 412 quae

235 423 405 460 diximus
446 426 486 459 in
529 423 800 473 aquatilibus,l
842 426 938 460 item
982 429 1200 473 serpentes.
1259 437 1408 474 penna·

239 491 371 521 torum
400 491 535 521 autem
564 484 779 521 infecunda
806 490 898 521 sunt
927 497 1029 534 quae
1058 484 1230 521 aduncos
1258 484 1409 522 habent

238 559 402 595 ungues.
424 545 600 582 cenchris
620 545 701 582 sola
721 559 769 583 ex
789 545 849 582 his
868 559 987 596 supra
1006 552 1202 596 quaterna
1221 546 1305 583 edit
1323 560 1407 583 ova.

237 608 377 644 tribuit
397 606 471 644 hoc
492 610 622 643 avium
642 610 779 657 generi
794 613 938 644 natura
953 613 998 644 ut
1013 606 1261 644 fecundiores
1277 613 1410 645 essent

238 668 399 718 fugaces
416 681 551 705 earum
569 682 687 718 quam
704 668 826 705 fortes
840 681 849 711 ;
878 668 1048 719 plurima
1061 671 1222 719 pariunt
1237 668 1408 706 strutho-

237 730 390 774 cameli,
426 729 610 780 gallinae,
646 730 826 780 perdices
858 730 939 766 soli.
995 733 1120 767 coitus
1150 731 1286 767 avibus
1315 730 1409 768 duo-

236 792 309 828 bus
342 791 483 835 modis,
516 790 665 828 femina
697 791 929 828 considente
962 790 1071 828 humi
1106 797 1152 828 ut
1183 794 1224 828 in
1256 791 1409 842 gallinis

237 859 306 889 aut
327 858 460 889 stante
482 859 526 889 ut
546 855 586 888 in
605 853 779 903 gruibus.

290 914 471 950 LXXIV.
502 914 678 951 Ovorum
705 914 780 950 alia
807 920 899 951 sunt
925 914 1108 959 candida,
1135 920 1180 951 ut
1206 914 1409 959 columbis,

235 976 475 1025 perdicibus,
511 975 587 1012 alia
622 975 782 1025 pallida,
819 982 863 1012 ut
899 978 1106 1025 aquaticis,
1142 975 1219 1013 alia
1252 978 1409 1026 punctis

235 1037 437 1080 distincta,
482 1043 527 1073 ut
570 1037 872 1086 meleagridum,
916 1037 992 1073 alia
1034 1038 1140 1074 rubri
1179 1037 1331 1082 coloris,
1364 1043 1409 1074 ut

236 1098 449 1149 phasianis,
502 1098 713 1135 cenchridi.
771 1101 877 1135 intus
931 1104 1067 1135 autem
1121 1112 1238 1136 omne
1292 1112 1408 1136 ovum

235 1161 435 1196 volucrum
474 1159 635 1204 bicolor,
671 1162 866 1210 aquaticis
903 1159 998 1197 lutei
1036 1160 1122 1210 plus
1159 1173 1279 1210 quam
1317 1160 1407 1205 albi,

233 1221 353 1271 idque
380 1224 509 1271 ipsum
537 1224 662 1271 magis
690 1221 861 1258 luridum
889 1235 1008 1272 quam
1036 1224 1201 1265 ceteris3
1242 1224 1409 1272 piscium

237 1297 336 1319 unus
375 1283 492 1326 color,
529 1285 569 1319 in
606 1296 684 1333 quo
722 1282 815 1319 nihil
855 1283 1024 1319 candidi.
1080 1286 1211 1320 avium
1249 1297 1322 1320 ova
1358 1297 1407 1321 ex

233 1344 361 1381 calore
387 1344 556 1395 fragilia,
581 1347 827 1394 serpentium
849 1358 899 1381 ex
922 1344 1067 1395 frigore
1094 1344 1218 1388 lenta,
1242 1347 1408 1395 piscium

233 1419 282 1443 ex
307 1406 456 1456 liquore
480 1406 623 1443 mollia.
680 1406 916 1456 aquatilium
939 1406 1125 1449 rotunda,
1149 1406 1301 1457 reliqua
1324 1406 1407 1444 fere

233 1467 392 1518 fastigio
437 1470 697 1504 cacuminata.
755 1474 905 1504 exeunt
953 1481 976 1504 a
1022 1468 1304 1505 rotundissima
1349 1472 1405 1506 sui

232 1536 360 1579 parte,
388 1529 482 1566 dum
509 1532 731 1579 pariuntur,
759 1529 865 1566 molli
893 1531 1102 1579 putamine
1130 1529 1201 1566 sed
1227 1532 1407 1580 protinus

233 1591 469 1628 durescente
518 1592 834 1641 quibuscumque
883 1597 1095 1640 emergunt
1142 1592 1403 1641 portionibus.

234 1666 336 1702 quae
353 1652 523 1702 oblonga
538 1655 615 1689 sint
633 1666 705 1689 ova
720 1654 903 1702 gratioris
919 1655 1068 1702 saporis
1082 1658 1201 1702 putat
1217 1652 1407 1690 Horatius

234 1713 407 1751 Flaccus.
463 1713 653 1750 feminam
685 1713 811 1750 edunt
842 1726 945 1764 quae
976 1713 1208 1750 rotundiora
1237 1716 1407 1764 gignun-

536 1834 548 1852 1
572 1834 605 1864 in
622 1831 834 1873 aquatilibus
849 1833 923 1863 add.
942 1832 1093 1864 Mueller.

447 1992 461 2007 a
485 1984 537 2016 ix
557 1986 607 2023 37,
631 1986 681 2016 78.
901 1984 914 2004 ·
936 1984 1117 2017 Sat.11.4.
1135 1985 1186 2018 12.

230 2057 302 2105 384
