1482 2312
122 319 185 349 227

125 875 189 906 228

127 1363 192 1394 229

406 141 571 179 PLINY
586 155 595 179 z
645 140 908 178 NATURAL
943 138 1178 177 HISTORY

206 244 294 287 bus,
319 247 358 280 in
385 244 518 280 Ebuso
541 243 725 285 cuniculi,
750 241 1023 279 scatentibusl
1053 244 1164 277 iuxta
1188 241 1382 289 Hispania

205 313 520 362 Baliaribusque.
577 312 740 362 Cyrenis
763 318 899 348 mutae
919 310 1031 347 fuere
1051 322 1187 352 ranae,
1206 309 1338 346 inlatis
1359 322 1381 346 e

207 386 439 420 continente
479 382 679 418 vocalibus
718 381 837 418 durat
875 393 1001 430 genus
1041 393 1189 416 earum.
1244 385 1382 415 mutae

208 459 300 490 sunt
328 455 548 489 etiamnum
577 454 615 487 in
643 449 808 499 Seripho
837 450 977 493 insula,
1005 449 1171 486 eaedem
1199 448 1277 485 alio
1302 454 1382 485 tra·

209 522 315 558 latae
346 528 510 564 canunt,
543 519 649 570 quod
680 519 860 556 accidere
893 525 933 555 et
965 521 1004 555 in
1035 518 1124 555 lacu
1154 517 1383 554 Thessaliae

208 590 396 628 Siccaneo
413 591 427 614 2
449 590 627 627 tradunt.
684 592 723 626 in
747 589 865 626 Italia
889 588 1065 626 muribus
1089 590 1243 624 araneis
1267 600 1383 624 vene-

209 667 326 698 natus
341 667 400 698 est
414 674 565 698 morsus
579 672 588 700 ς
609 659 769 697 eosdem
783 658 947 695 ulterior
959 659 1171 707 Apennino
1184 659 1293 707 regio
1305 669 1383 693 non

209 730 343 768 habet.
391 730 509 766 iidem
533 730 773 778 ubicumque
802 734 908 771 sunt,
930 728 1101 764 orbitam
1123 730 1153 764 si
1174 729 1383 770 transiere,

208 803 441 838 moriuntur.
498 802 536 835 in
558 799 730 849 Olympo
754 797 1017 834 Macedoniae
1037 803 1174 834 monte
1194 809 1272 832 non
1292 801 1384 832 sunt

210 870 289 919 lupi
304 883 377 907 nec
398 873 435 905 in
450 869 570 906 Creta
584 868 722 905 insula.
778 868 830 903 ibi
846 867 1007 916 qujdem
1020 879 1093 903 nec
1106 866 1243 915 vulpes
1257 868 1385 902 ursive

210 946 333 989 atque
375 942 534 976 omnino
577 938 727 974 nullum
771 936 995 975 maleficum
1037 935 1183 972 animal
1226 941 1386 985 praeter

211 1008 491 1059 phalangium:
528 1011 566 1043 in
584 1007 598 1031 3
618 1010 772 1044 araneis
794 1006 833 1043 id
853 1019 979 1057 genus
1000 1006 1176 1042 dicemus
1197 1018 1267 1042 suo
1287 1005 1384 1041 loco.

211 1078 427 1116 mirabilius
462 1082 499 1114 in
533 1077 673 1114 eadem
708 1076 833 1113 insula
865 1089 1000 1113 cervos
1032 1082 1315 1125 praeterquam
1347 1077 1386 1110 in

213 1148 535 1198 Cydoneatarum
564 1151 725 1197 regione
752 1159 830 1182 non
858 1158 957 1188 esse,
985 1148 1082 1182 item
1111 1144 1257 1194 apros‚4
1282 1149 1387 1181 atta-

213 1232 350 1269 genas‚
386 1221 602 1260 irenaceose
638 1220 676 1252 in
713 1216 848 1252 Africa
884 1221 1019 1252 autem
1056 1228 1128 1251 nec
1164 1227 1278 1264 apros
1313 1226 1387 1250 nec

213 1301 346 1325 cervos
367 1301 439 1324 nec
458 1300 623 1336 capreas
644 1299 716 1323 nec
736 1299 856 1322 ursos.

265 1357 484 1394 LXXXIV.
516 1357 601 1393 Iam
639 1355 836 1406 quaedam
874 1354 1062 1392 animalia
1099 1354 1294 1403 indigenis
1330 1356 1388 1389 in-

215 1430 332 1464 noxia
362 1427 535 1464 advenas
566 1429 814 1468 interimunt,
844 1428 944 1461 sicut
975 1430 1181 1473 serpentes
1209 1425 1318 1473 parvi
1347 1425 1387 1458 in

214 1496 407 1548 Tirynthe
438 1510 534 1546 quos
564 1503 671 1533 terra
700 1498 805 1532 nasci
836 1494 1027 1544 proditur.
1085 1497 1181 1530 item
1207 1495 1246 1529 in
1275 1492 1388 1543 Syria

215 1580 366 1617 angues
402 1569 504 1603 circa
541 1565 757 1615 Euphratis
794 1567 967 1602 maxime
1004 1567 1108 1613 ripas
1145 1563 1388 1600 dormientes

215 1636 332 1687 Syros
352 1649 430 1673 non
450 1636 665 1686 adtingunt
685 1641 768 1678 aut,
789 1637 943 1672 etiamsi
963 1633 1104 1670 calcati
1125 1632 1388 1676 momordere,

216 1720 294 1743 non
332 1709 559 1743 sentiuntur
592 1704 792 1748 malefici,⁵
824 1704 909 1741 aliis
941 1707 1223 1753 cuiuscumque
1256 1705 1388 1752 gentis

216 1775 365 1819 infesti,
390 1775 504 1812 avide
530 1782 571 1812 et
595 1788 685 1811 cum
708 1777 887 1811 cruciatu
911 1775 1202 1815 exanimantes,
1226 1784 1389 1822 quamo-

405 1870 415 1888 ¹
440 1869 614 1910 Mayhoff:
639 1873 783 1900 scatent.

404 1914 416 1932 2
439 1911 594 1952 Mayhoff
607 1912 742 1944 (Aeliam,
758 1911 818 1944 οὐκ
835 1911 961 1950 ἀέναος)
979 1913 1010 1942 27:
1035 1909 1209 1941 Sicandro.

403 1956 416 1974 ³
438 1956 472 1986 in
488 1955 562 1986 addv
583 1953 742 1995 Maykoff.

404 2001 415 2018 ⁴
438 1998 627 2030 Rackham:
662 2007 761 2038 apros
782 2002 826 2028 eb.

223 2062 290 2110 158
