1482 2312
105 508 160 538 191

102 875 163 907 192

102 1306 161 1337 193

389 154 553 191 PLINY
566 167 576 192 ε
626 154 886 192 NATURAL
922 156 1155 194 HISTORY

188 262 322 301 metu3
377 262 472 294 tunc
514 259 619 294 enim
659 259 818 308 perimit
858 271 981 295 curas.
1041 259 1134 296 bina
1182 262 1345 299 iocinera

188 318 386 369 leporibus
401 321 504 356 circa
518 318 710 356 Briletum
726 325 767 356 et
781 318 977 356 Tharnem
993 326 1034 357 et
1049 322 1089 357 in
1109 321 1348 360 Cherroneso

188 380 239 418 ad
282 379 576 430 Propontidem,
618 382 854 430 mirumque,
896 380 1049 418 tralatis
1092 381 1166 419 alio
1213 385 1347 420 interit

187 441 367 478 alterum.

238 502 417 539 LXXIV.
449 503 495 539 In
527 503 667 540 eodem
699 508 760 539 est
792 502 858 546 fel,
890 517 968 540 non
1000 505 1179 541 omnibus
1211 505 1348 542 datum

188 563 432 601 animalibus.
487 567 527 600 in
550 564 737 601 Euboeae
762 564 948 601 Chalcide
972 564 1121 601 nullum
1144 569 1288 616 pecori,
1310 569 1348 603 in

188 625 301 662 Naxo
322 626 568 676 praegrande
589 627 885 676 geminumque,
908 632 952 663 ut
973 628 1025 663 sit
1041 625 1055 648 1
1077 627 1244 677 prodigii
1267 627 1349 665 loco

188 693 400 737 utrumque
420 687 607 724 advenae.
663 689 767 737 equi,
787 687 895 730 muli,
914 689 1025 731 asini,
1038 690 1154 731 cervi,
1170 701 1349 738 capreae,

188 750 287 797 apri,
325 748 478 791 cameli,
509 747 683 798 delphini
717 761 795 784 non
825 747 997 792 habent3
1032 751 1201 786 murium
1232 750 1348 800 aliqui

187 808 349 846 habent.
411 809 613 846 hominum
633 812 766 860 paucis
786 823 864 846 non
888 815 962 854 est,
987 823 1152 859 quorum
1177 811 1350 848 valitudo

187 871 331 908 firmior
355 877 396 908 et
416 873 498 908 vita
521 870 682 921 longior.
739 877 829 907 sunt
857 873 923 920 qui
952 884 1053 921 equo
1087 885 1164 908 non
1191 872 1349 922 quidem

187 934 227 969 in
246 935 373 969 iecore
394 945 478 969 esse
499 932 569 969 sed
587 934 627 968 in
647 932 732 969 alvo
750 938 894 982 putent
908 938 950 969 et
963 945 1076 969 cervo
1090 935 1129 968 in
1143 933 1268 970 cauda
1282 939 1349 970 aut

187 996 397 1038 intestinis,
410 994 499 1030 ideo
512 999 667 1030 tantam
680 994 985 1030 amaritudinem
1000 1000 1045 1030 ut
1060 1007 1083 1030 a
1097 995 1257 1031 canibus
1273 1008 1349 1031 non

187 1058 447 1105 attingantur.
503 1061 564 1092 est
597 1061 732 1091 autem
770 1055 863 1091 nihil
903 1054 1007 1091 aliud
1044 1069 1163 1105 quam
1209 1069 1349 1106 purga-

186 1122 380 1160 mentum,
400 1119 692 1166 pessimumque
714 1119 913 1166 sanguinis
933 1116 1022 1153 ideo
1043 1117 1106 1153 et2
1126 1118 1165 1152 in
1184 1119 1350 1154 materia

187 1180 281 1214 eius.
334 1184 441 1214 certe
457 1180 563 1214 iecur
578 1177 672 1214 nulli
689 1184 749 1214 est
765 1180 836 1214 nisi
853 1180 1084 1228 sanguinem
1099 1177 1347 1214 habentibus.

187 1241 330 1290 accipit
351 1239 423 1276 hoc
447 1253 469 1276 a
491 1239 607 1276 corde
629 1242 689 1276 cui
713 1241 901 1290 iungitur,
925 1239 1134 1289 funditque
1156 1242 1196 1275 in
1218 1253 1347 1276 venas.

237 1301 394 1338 LXXV.
424 1301 501 1339 Sed
527 1304 567 1338 in
593 1301 683 1338 felle
710 1304 821 1352 nigro
848 1303 1020 1338 insaniae
1047 1314 1165 1337 causa
1189 1300 1348 1345 homini,

186 1376 367 1413 morsque
404 1369 489 1400 toto
525 1363 692 1400 reddito.
748 1363 837 1399 hinc
873 1369 915 1400 et
956 1365 994 1399 in
1035 1376 1162 1399 mores
1202 1366 1348 1400 crimen

188 1424 273 1462 bilis
320 1428 499 1462 nomine:
560 1425 660 1462 adeo
706 1438 894 1476 magnum
936 1430 997 1461 est
1037 1426 1077 1460 in
1118 1423 1190 1461 hac
1237 1430 1347 1475 parte

188 1489 290 1523 virus
309 1501 397 1523 cum
416 1500 457 1524 se
477 1486 608 1524 fundit
630 1489 669 1523 in
689 1489 874 1523 animum.
930 1489 1023 1536 quin
1042 1492 1083 1523 et
1101 1491 1186 1523 toto
1206 1499 1347 1536 vagum

186 1561 345 1598 corpore
367 1548 536 1585 colorem
557 1548 676 1585 oculis
699 1561 854 1598 quoque
877 1547 1021 1591 aufert,
1042 1546 1137 1584 illud
1152 1547 1168 1570 ³
1189 1548 1345 1597 quidem

185 1609 385 1646 redditum
419 1612 540 1646 etiam
574 1612 695 1653 aenis,
729 1612 1036 1660 nigrescuntque
1070 1614 1254 1645 contacta
1287 1622 1346 1652 eo,

185 1684 234 1708 ne
273 1673 357 1721 quis
406 1673 570 1708 miretur
618 1671 657 1708 id
706 1684 901 1708 venenum
949 1683 1033 1707 esse
1089 1672 1342 1719 serpentium.

315 1766 326 1785 ¹
351 1767 394 1797 sit
409 1765 483 1796 add.
502 1766 663 1806 Mayhoff.
845 1766 857 1783 ²
881 1765 1054 1805 Mayhoff:
1079 1769 1114 1796 et
1130 1764 1214 1795 ideo.

597 1809 610 1827 ³
634 1808 752 1839 illum?
771 1807 931 1848 Mayhoff.

230 1916 244 1930 ⁴¹
266 1912 285 1943 Ι
289 1924 325 1944 .e.
344 1922 411 1952 any
431 1912 551 1943 visitor
569 1915 606 1942 to
625 1911 731 1942 either
750 1911 844 1952 place
863 1910 938 1942 who
958 1910 1018 1942 has
1036 1911 1190 1941 occasion
1210 1914 1246 1941 to
1265 1910 1345 1941 offer

185 1966 206 1986 a
221 1954 367 1986 sacrifice
383 1954 486 1985 there.

230 1998 241 2016 '²
265 1998 323 2029 Le.
339 1997 411 2028 into
426 1996 535 2028 which
551 1996 609 2027 the
625 1996 705 2027 fluid
721 1996 749 2027 is
764 1995 895 2037 passed.

184 2069 250 2107 552
