1482 2312
427 151 591 189 PLINY
606 165 614 189 ε
664 152 926 190 NATURAL
961 152 1195 190 HISTORY

227 253 421 292 luxuriae.
452 262 495 292 ut
525 255 631 292 color
659 256 758 292 alius
788 259 1010 305 operiretur
1039 257 1129 300 alio,
1159 259 1315 293 suavior
1343 258 1400 293 ita

229 319 310 355 fieri
331 319 534 368 leniorque
552 319 703 363 dictus;
735 322 831 369 quin
848 325 889 356 et
905 326 1067 357 terrena
1083 323 1248 357 miscere
1267 333 1401 357 cocco-

229 396 306 432 que
346 386 516 419 tinctum
555 383 673 433 Tyrio
712 386 897 433 tinguere
936 390 980 420 ut
1021 384 1134 421 fieret
1173 383 1399 434 hysginum.

149 451 203 481 141
228 460 388 483 coccum
415 447 599 483 Galatiae
625 447 769 484 rubens
793 461 976 497 granum,
998 454 1040 485 ut
1066 448 1243 485 dicemus
1263 451 1301 484 in
1322 454 1401 485 ter-

230 511 419 547 restribus
442 517 511 548 aut
533 514 635 548 circa
663 512 884 548 Emeritam
906 511 1136 548 Lusitaniae
1166 515 1205 548 in
1228 514 1401 548 maxima

228 574 345 611 laude
389 581 461 612 est.
528 589 678 618 verum,
721 581 765 612 ut
808 576 922 612 simul
968 582 1213 626 peragantur
1258 575 1404 612 nobilia

229 641 448 689 pigmenta,
488 639 670 676 anniculo
708 653 832 689 grano
874 640 1085 690 languidus
1128 654 1256 684 sucus,
1295 639 1402 677 idem

229 716 251 738 a
284 703 490 752 quadrimo
520 703 732 740 evanidus:
770 706 826 740 ita
856 717 928 741 nec
958 707 1108 741 recenti
1139 707 1239 741 vires
1269 717 1400 754 neque

233 770 469 804 senescenti.

281 831 453 868 Abunde
483 837 659 869 tractata
689 838 749 869 est
778 835 881 869 ratio
912 846 989 882 qua
1019 846 1060 870 se
1091 835 1262 870 virorum
1289 835 1404 870 iuxta

230 894 549 945 feminarumque
574 895 700 932 forma
725 896 851 933 credit
877 897 1160 946 amplissimam
1186 897 1281 934 fieri.

146 963 207 994 142
284 959 425 996 LXVI.
456 959 704 997 Concharum
731 963 888 1011 generis
915 967 956 998 et
982 964 1075 1010 pina
1102 967 1175 998 est.
1230 964 1406 998 nascitur

230 1026 269 1059 in
289 1023 450 1067 limosis,
469 1025 655 1061 subrecta
675 1038 833 1074 semper
851 1038 923 1062 nec
944 1038 1134 1075 umquam
1154 1028 1238 1062 sine
1257 1028 1404 1062 comite

231 1101 351 1138 quem
380 1091 590 1137 pinoteren
622 1095 777 1133 vocant,
807 1089 871 1125 alii
901 1089 1230 1140 pinophylacem3
1274 1089 1314 1126 id
1344 1095 1404 1127 est

230 1152 371 1202 squilla
389 1165 524 1202 parva,
543 1153 662 1189 aliubi
682 1167 838 1197 cancer,
857 1153 968 1203 dapis
989 1153 1227 1191 adsectator.
1264 1153 1405 1203 pandit

230 1229 271 1253 se
287 1219 380 1266 pina
394 1217 608 1254 luminibus
623 1218 764 1254 orbum
778 1231 918 1267 corpus
934 1220 1040 1255 intus
1056 1221 1218 1255 minutis
1233 1218 1405 1268 piscibus

230 1281 448 1330 praebens;
500 1281 704 1319 adsultant
739 1281 794 1318 illi
832 1285 1011 1331 protinus
1048 1288 1104 1325 et,
1141 1282 1206 1319 ubi
1243 1282 1405 1319 licentia

231 1345 396 1381 audacia
413 1348 551 1388 crevit,
565 1346 733 1395 implent
752 1359 852 1383 eam.
908 1345 981 1383 hoc
998 1352 1158 1396 tempus
1176 1346 1403 1396 speculatus

230 1409 350 1445 index
368 1423 499 1446 morsu
517 1409 589 1446 levi
610 1410 818 1460 significat.
872 1410 939 1446 illa
955 1423 1169 1460 conpressu
1185 1409 1200 1433 1
1219 1410 1406 1460 quicquid

232 1473 387 1510 inclusit
409 1477 612 1511 exanimat
633 1480 870 1524 partemque
890 1477 994 1511 socio
1014 1475 1164 1512 tribuit.

149 1542 208 1573 143
287 1537 450 1574 LXVII.
480 1538 569 1584 Quo
612 1541 738 1588 magis
780 1541 900 1575 miror
941 1539 1112 1589 quodam
1157 1541 1406 1576 existimasse

232 1602 472 1651 aquatilibus
510 1602 661 1639 nullum
698 1606 827 1639 inesse
864 1616 1036 1640 sensum.
1092 1605 1200 1640 novit
1237 1603 1406 1652 torpedo

233 1668 309 1702 vim
342 1680 454 1703 suam
486 1669 571 1716 ipsa
603 1680 681 1704 non
713 1673 890 1717 torpens,
922 1680 1133 1717 mersaque
1165 1669 1205 1703 in
1235 1667 1329 1704 limo
1361 1680 1405 1704 se

619 1786 630 1805 ¹
656 1785 786 1825 chiffl:
812 1795 1017 1827 compresso.

271 1912 284 1925 ⁰
306 1904 377 1935 The
390 1914 498 1935 coccus
512 1905 537 1935 is
552 1904 653 1945 really
668 1915 687 1935 a
700 1904 910 1935 scale-insect
923 1904 1032 1935 which
1046 1904 1129 1935 lives
1142 1914 1186 1935 on
1199 1903 1257 1934 the
1270 1904 1355 1940 oak;
1377 1905 1405 1935 it

228 1947 404 1979 resembles
419 1958 439 1978 a
453 1947 539 1978 scale
556 1947 689 1988 presse-d
705 1948 838 1987 against
852 1947 909 1978 the
924 1951 1021 1978 stem.
1069 1947 1169 1988 Pliny
1184 1947 1251 1978 and
1266 1950 1356 1978 most
1369 1947 1404 1978 of

228 1990 285 2021 the
301 1991 452 2021 ancients
469 1990 629 2021 confused
647 1991 673 2021 it
689 1990 770 2021 with
787 1990 874 2021 seed.

229 2061 297 2107 258
