1482 2368
397 145 562 184 PLINY
576 160 585 183 ε
635 145 897 183 NATURAL
931 144 1166 183 HISTORY

193 250 201 263 ‘
222 250 310 301 Ipse
331 263 405 300 ego
425 249 523 286 haec
542 251 674 299 scripsi
703 254 745 286 et
764 248 888 298 spolia
907 248 1058 285 Celtica
1077 248 1232 292 dicavi,'
1251 251 1367 286 item-

191 344 268 381 que
293 343 335 367 se
361 330 520 367 vidente
547 328 735 373 Puteolis,
760 341 851 365 cum
875 328 1031 366 advecti
1057 341 1078 365 e
1104 342 1204 365 nave
1231 329 1367 379 egredi

191 416 439 461 cogerentur,
459 412 618 447 territos
638 411 766 459 spatio
786 411 918 459 pontis
938 409 1071 458 procul
1093 422 1115 445 a
1135 411 1366 446 continente

192 493 374 541 porrecti,
391 496 435 527 ut
453 503 538 527 sese
557 490 856 540 longinquitatis
874 491 1151 526 aestimatione
1170 488 1368 533 fallerent,

191 581 345 605 aversos
365 574 554 605 retrorsus
574 570 660 604 isse.

151 651 169 680 7
242 646 307 682 IV.
338 644 531 682 Praedam
558 647 629 695 ipsi
657 647 697 681 in
724 658 765 682 se
793 645 1063 695 expetendam
1089 647 1218 681 sciunt
1245 645 1368 682 solam

192 737 276 760 esse
295 726 335 759 in
353 726 469 760 armis
487 725 564 759 suis
584 736 686 772 quae
707 723 805 759 Iuba
821 736 966 759 cornua
985 722 1173 772 appellat,
1190 722 1369 760 Herodo-

191 809 255 840 tus
284 809 398 840 tanto
435 805 632 853 antiquior
669 809 711 840 et
743 802 989 840 consuetudo
1026 802 1165 840 melius
1202 803 1366 847 dentes;

192 883 450 933 quamobrem
473 883 659 920 deciduos
681 896 774 920 casu
797 883 927 933 aliquo
950 883 1010 920 vel
1033 889 1195 920 senecta
1217 883 1369 920 defodi-

191 967 274 998 unt.
329 961 402 997 hoc
429 961 554 998 solum
581 961 678 998 ebur
705 967 787 998 est:
828 967 962 998 cetero
989 967 1031 998 et
1057 964 1096 997 in
1122 960 1181 998 his
1210 975 1369 1012 quoque

192 1052 293 1089 quae
314 1052 452 1089 corpus
482 1041 626 1075 intexit
652 1038 779 1075 w'litas
808 1051 942 1081 ossea3
971 1052 1213 1089 quamquam
1242 1053 1368 1089 nuper

191 1130 277 1153 ossa
296 1119 417 1153 etiam
435 1119 475 1152 in
493 1116 657 1153 laminas
676 1119 797 1153 secari
817 1130 984 1166 coepere
999 1120 1203 1167 paenuria,
1217 1120 1368 1154 etenim

191 1208 277 1231 rara
305 1194 523 1244 amplitudo
550 1197 629 1231 iam
657 1194 838 1231 dentium
866 1200 1148 1245 praeterquam
1176 1208 1224 1232 ex
1255 1195 1369 1232 India

192 1274 398 1322 reperitur,
436 1278 569 1309 cetera
606 1274 645 1308 in
683 1278 816 1309 nostro
853 1273 947 1309 orbe
984 1285 1137 1309 cessere
1175 1272 1365 1310 luxuriae.

151 1356 170 1386 8
189 1349 370 1387 dentium
415 1350 585 1386 candore
631 1350 877 1400 intellegitur
923 1353 1095 1387 iuventa.
1150 1353 1253 1387 circa
1298 1350 1367 1388 hos

192 1427 316 1464 beluis
341 1441 494 1464 summa
516 1441 630 1464 cura:
669 1428 829 1465 alterius
854 1431 1027 1465 mucroni
1053 1434 1219 1478 parcunt
1244 1442 1293 1465 ne
1317 1432 1366 1466 sit

192 1507 346 1557 proeliis
373 1507 508 1551 hebes,
534 1507 694 1544 alterius
720 1511 897 1558 operario
924 1522 995 1545 usu
1022 1508 1176 1545 fodiunt
1203 1509 1366 1553 radices‚

192 1585 386 1634 inpellunt
402 1585 524 1622 moles
538 1598 546 1629 3
576 1588 912 1636 circumventique
930 1599 953 1622 a
969 1587 1205 1623 venantibus
1222 1589 1367 1636 primos

192 1665 439 1700 constituunt
470 1664 610 1713 quibus
642 1666 720 1700 sint
751 1666 928 1707 minumi,
961 1677 1009 1700 ne
1042 1667 1142 1701 tanti
1175 1665 1366 1714 proelium

192 1746 369 1790 putetur,
382 1746 522 1791 postea
540 1741 631 1778 fessi
650 1743 827 1791 inpactos
847 1741 974 1778 arbori
994 1741 1183 1792 frangunt
1201 1743 1365 1792 praeda-

192 1831 268 1868 que
294 1831 334 1855 se
360 1818 570 1855 redimunt.

151 1900 170 1930 9
241 1895 285 1932 V.
316 1895 465 1933 Mirum
506 1899 546 1932 in
587 1896 784 1947 plerisque
831 1897 1059 1934 animalium
1101 1900 1199 1935 scire
1241 1911 1365 1948 quare

694 2013 708 2027 ⁰
731 2019 783 2041 111.
802 2011 854 2042 97.

190 2054 213 2090 6
