1482 2312
123 459 183 490 150

121 971 179 1002 151

121 1486 182 1518 152

404 158 570 196 PLINY
585 173 593 196 :
645 160 793 197 NATU
800 160 908 197 RAL
945 159 1182 198 HISTORY

207 261 323 300 simili
338 262 456 300 modo
475 262 582 300 nulla
603 263 871 313 praecedente
887 265 1038 300 iniuria.
1095 276 1237 301 venam
1253 265 1303 301 ab
1318 263 1378 302 his

207 329 408 377 pertinere
431 327 481 364 ad
503 327 709 364 cerebrum
731 329 958 377 peritissimi
981 331 1162 364 auctores
1191 328 1379 372 tradunt3

208 404 282 441 ego
312 396 353 427 et
382 391 432 427 ad
460 390 707 427 stomachum
735 391 992 427 crediderim:
1035 396 1143 428 certe
1172 391 1267 428 nulli
1295 394 1379 429 sine

206 454 496 491 redundatione
521 457 603 491 eius
633 457 784 491 eruitur
811 454 956 491 oculus.
1012 457 1270 493 morientibus
1296 455 1379 493 illos

208 521 360 569 operire
407 532 618 569 rursusque
665 521 703 555 in
750 532 844 569 rogo
890 518 1118 569 patefacere
1165 519 1379 566 Quiritium

207 596 352 633 magno
368 583 383 606 1
405 586 484 619 ritu
507 596 660 619 sacrum
685 589 759 627 est‚
782 585 840 619 ita
867 596 975 619 more
999 583 1158 620 condito
1182 590 1227 621 ut
1249 597 1380 635 neque

208 647 257 683 ab
275 646 433 683 homine
452 660 679 697 supremum
698 660 763 684 eos
782 650 952 697 spectari
971 646 1029 683 fas
1048 650 1098 684 sit
1117 653 1159 684 et
1176 648 1285 685 caelo
1303 662 1380 685 non

208 711 365 748 ostendi
393 711 517 748 nefas.
574 714 640 748 uni
670 711 898 748 animalium
922 711 1071 748 homini
1097 712 1380 762 depravantur,

208 775 313 812 unde
329 778 564 826 cognomina
580 775 819 812 Strabonum
837 782 878 812 et
895 774 1120 812 Paetorum.
1175 777 1226 813 ab
1242 776 1380 814 iisdem

207 842 274 889 qui
313 839 438 876 altero
473 839 620 876 lumine
653 840 737 876 orbi
766 846 1023 876 nascerentur
1061 839 1230 877 Coclites
1269 854 1381 877 voca-

207 904 366 947 bantur,
389 906 456 954 qui
478 907 606 954 parvis
630 906 806 954 utrisque
824 903 1006 947 Ocellae;
1044 904 1202 941 Luscini
1217 907 1380 942 iniuriae

206 981 424 1018 cognomen
488 968 724 1005 habuerunt.
803 974 1084 1004 nocturnorum
1151 968 1380 1006 animalium

208 1032 329 1069 veluti
352 1031 489 1069 felium
511 1035 550 1068 in
572 1033 747 1069 tenebris
771 1031 926 1083 fulgent
949 1032 1187 1083 radiantque
1211 1033 1312 1069 oculi
1335 1039 1380 1070 ut

207 1099 384 1133 contueri
422 1111 500 1133 non
538 1100 602 1141 sit,
640 1103 682 1134 et
719 1097 917 1147 capreae2
956 1096 1128 1147 lupoque
1167 1097 1379 1147 splendent

208 1159 416 1211 lucemque
449 1161 690 1204 iaculantum
737 1160 848 1197 vituli
880 1163 1019 1197 marini
1053 1167 1095 1198 et
1127 1160 1307 1211 hyaenae
1340 1163 1379 1198 in

207 1224 313 1262 mille
335 1225 483 1262 colores
506 1231 714 1262 transeunt
737 1225 926 1268 subinde3
964 1227 1058 1275 quin
1081 1231 1123 1262 et
1143 1227 1184 1261 in
1205 1226 1379 1262 tenebris

207 1289 420 1326 multorum
467 1292 633 1340 piscium
678 1289 891 1340 refulgent,
938 1289 1034 1326 aridi
1082 1292 1183 1326 sicut
1230 1291 1379 1327 robusti

206 1354 388 1391 caudices
427 1361 643 1405 putresque
678 1353 912 1390 vetustate.3
964 1367 1042 1390 non
1072 1357 1252 1391 conivere
1282 1354 1380 1391 dixi-

206 1432 292 1455 mus
318 1432 420 1469 quae
446 1432 524 1455 non
537 1417 553 1440 ‘¹
578 1418 744 1468 obliquis
765 1418 884 1455 oculis
905 1418 974 1455 sed
994 1421 1231 1455 circumacto
1250 1420 1379 1468 capite

205 1489 425 1520 cernerent.
480 1482 769 1520 chamaeleonis
819 1482 949 1519 oculos
1011 1484 1113 1533 ipsos
1167 1485 1378 1533 circumagi

207 1552 312 1584 totos
346 1547 522 1584 tradunt.
577 1549 706 1584 cancri
741 1549 779 1583 in
814 1546 984 1583 oblicum
1018 1549 1214 1597 aspiciunt
1247 1552 1378 1583 crusta

208 1610 336 1662 fragili
357 1612 525 1649 inclusos
547 1617 745 1663 gerentes.
801 1611 974 1655 locustis,
996 1610 1143 1661 squillis
1164 1624 1310 1662 magna
1331 1624 1378 1648 ex

207 1682 321 1726 parte
363 1677 436 1713 sub
479 1676 620 1713 eodem
668 1678 916 1712 munimento
958 1675 1140 1726 praeduri
1186 1677 1378 1712 eminent.

512 1762 524 1781 ¹
548 1762 671 1802 Magno
690 1762 739 1792 v.l.
757 1772 819 1792 om.

510 1805 522 1823 ²
547 1804 666 1836 Galen:
692 1814 823 1845 caprae.

509 1847 522 1866 ³
546 1846 720 1887 Mayhofs:
747 1850 921 1877 vetustate
938 1852 1130 1887 putresque.

510 1891 522 1909 ‘¹
547 1900 611 1921 nou
630 1890 704 1921 add.
722 1900 760 1920 ez
777 1889 872 1920 VIII.
894 1891 953 1920 107
970 1889 1038 1920 edd.

252 1981 266 1996 ‘²
290 1977 397 2009 Cocles
413 1977 480 2008 and
496 1977 606 2008 luscus
623 1976 706 2007 both
723 1986 850 2017 appear
865 1979 903 2007 to
920 1976 1045 2007 denote
1060 1985 1081 2006 a
1097 1985 1219 2016 person
1236 1974 1331 2006 blind
1345 1975 1380 2006 in

206 2030 270 2052 one
284 2031 355 2061 eye.

206 2075 275 2122 526
