1482 2368
142 748 184 778 47

142 1259 184 1289 48

410 194 574 232 PLINY
589 207 597 231 ε
648 193 910 231 NATURAL
945 193 1180 231 HISTORY

209 297 455 346 simplicique
483 296 588 339 villo,
616 308 682 332 eos
709 301 1004 344 contemptores
1033 295 1250 333 vulnerum.
1305 299 1381 333 uri-

210 374 302 397 nam
322 373 450 397 mares
471 373 583 396 crure
603 359 761 396 sublato
782 359 949 395 reddere
970 364 1014 395 ut
1034 372 1164 396 canes.
1219 373 1381 410 gravem

209 424 385 467 odorem,
413 437 485 460 nec
513 426 641 459 minus
669 422 850 459 halitum.
905 435 1012 459 raros
1040 425 1079 458 in
1107 429 1220 472 potu,
1247 424 1376 461 vesci¹

212 488 374 525 alternis
383 487 536 530 diebus,
545 500 566 522 a
575 489 788 523 saturitate
802 489 961 523 interim
971 486 1104 523 triduo
1116 487 1212 523 cibis
1224 501 1359 525 carere
1372 499 1381 531 ;

211 565 313 602 quae
355 554 506 600 possint
547 553 587 586 in
628 549 855 586 mandendo
897 550 1022 586 solida
1063 550 1267 594 devorare,
1308 565 1381 588 nec

209 618 393 664 capiente
412 614 646 650 aviditatem
664 613 750 650 alvo
768 616 957 650 coniectis
975 616 1014 649 in
1031 613 1165 651 fauces
1184 615 1381 664 unguibus

211 678 437 721 extrahere,
467 684 525 721 ut,
554 680 584 714 si
621 677 855 727 fugiendum
885 680 950 721 sit,
980 690 1058 714 non
1093 680 1134 713 in
1167 679 1382 716 satietate2

211 743 371 780 abeant.
446 745 567 778 vitam
632 744 677 778 iis
738 741 899 791 longam
964 741 1081 778 docet
1146 748 1382 792 argumento

211 806 317 856 quod
328 806 507 855 plerique
525 805 710 842 dentibus
724 804 872 841 defecti
887 808 1147 854 reperiantur.
1196 805 1381 856 Polybius

210 870 422 907 Aemiliani
448 882 580 905 comes
606 872 646 905 in
671 874 834 905 senecta
859 867 1060 905 hominem
1086 869 1136 905 ab
1161 868 1220 906 his
1246 870 1380 919 adpeti

210 933 348 977 refert,
384 936 571 983 quoniam
608 932 659 969 ad
695 932 991 982 persequendas
1027 932 1131 970 feras
1168 936 1268 970 vires
1304 947 1380 971 non

210 1003 451 1047 suppetant3
509 1002 605 1033 tunc
649 996 830 1033 obsidere
875 996 1035 1033 Africae
1079 997 1210 1041 urbes,
1254 1011 1381 1048 eaque

210 1062 260 1098 de
289 1074 408 1098 causa
438 1063 541 1097 cruci
574 1060 670 1097 fixos
701 1060 844 1097 vidisse
874 1073 916 1097 se
946 1074 1035 1096 cum
1065 1060 1260 1110 Scipione,
1290 1065 1382 1112 quia

209 1128 333 1162 ceteri
371 1130 482 1161 metu
521 1137 674 1174 poenae
712 1124 848 1161 similis
885 1124 1204 1161 absterrerentur
1241 1125 1381 1162 eadem

209 1202 325 1226 noxa.

260 1252 370 1289 XIX.
401 1252 524 1290 Leoni
537 1258 696 1289 tanturn
713 1265 760 1289 ex
777 1251 869 1289 feris
883 1252 1097 1289 clementia
1111 1255 1150 1288 in
1165 1253 1360 1302 supplices
1374 1266 1383 1297 ;

210 1319 416 1367 prostratis
439 1319 579 1366 parcit,
601 1322 656 1359 et,
675 1316 741 1352 ubi
764 1319 905 1359 saevit,
923 1319 961 1352 in
986 1319 1086 1353 viros
1110 1319 1240 1366 potius
1263 1330 1382 1366 quam

209 1383 250 1417 in
272 1380 439 1417 feminas
462 1380 610 1423 fremit,
633 1383 672 1415 in
695 1379 868 1416 infantes
892 1393 969 1416 non
994 1383 1065 1416 nisi
1094 1393 1240 1430 magna
1262 1380 1380 1418 fame.

210 1445 336 1481 credit
365 1444 494 1480 Iuba³
521 1447 726 1493 pervenire
755 1444 1005 1480 intellectum
1034 1444 1084 1480 ad
1113 1457 1178 1481 eos
1199 1458 1381 1494 precum:

211 1508 281 1545 in⁴
328 1511 527 1557 captivam
575 1513 684 1544 certe
735 1507 949 1544 Gaetuliae
998 1508 1184 1545 reducem
1232 1509 1382 1545 audivit

211 1572 425 1609 multorum
453 1575 492 1608 in
519 1571 623 1608 silvis
651 1575 845 1620 impetum
876 1585 961 1608 esse
978 1571 993 1594 ⁵
1019 1574 1248 1622 mitigatum
1276 1572 1382 1609 adlo—

211 1639 302 1686 quio
322 1649 458 1672 ausam
481 1635 612 1672 dicere
638 1649 680 1672 se
706 1635 910 1679 feminam,
930 1635 1153 1685 profugam,
1173 1636 1381 1680 infirmam,

210 1699 427 1749 supplicem
449 1699 629 1736 animalis
651 1702 825 1735 omnium
848 1702 1137 1749 generosissimi
1158 1703 1380 1750 ceterisque

210 1766 488 1813 imperitantis,
515 1763 718 1813 indignam
747 1766 829 1800 eius
856 1763 981 1813 gloria
1008 1763 1209 1812 praedam.
1264 1763 1381 1800 Varia

208 1830 311 1864 circa
328 1826 400 1864 hoc
418 1830 548 1877 opinio
567 1841 615 1864 ex
634 1830 792 1877 ingenio
811 1830 1000 1877 cuiusque
1018 1827 1080 1864 vel
1095 1841 1202 1872 casu,
1219 1827 1379 1865 mulceri

369 1913 380 1931 ¹
402 1914 455 1944 v.l.
472 1924 533 1944 nec
551 1913 639 1944 vesci
656 1925 662 1943 :
689 1924 749 1944 neo
768 1913 858 1944 vesci
875 1913 1007 1952 <nisi>t²
1024 1914 1200 1945 Raclcham.

369 1955 381 1973 ²
402 1960 463 1986 aut
479 1957 506 1987 si
521 1956 719 1996 fugiendum
737 1955 770 1986 in
787 1956 946 1987 satietate
962 1956 1051 1987 codd.
1067 1957 1215 1996 plurimi.

367 1999 381 2017 ³
404 1998 586 2029 Pincianus
602 1998 655 2039 (cs.
674 1998 688 2036 ἓ
705 2001 782 2038 55):
809 1999 928 2039 Libya.

367 2041 380 2059 ⁴
402 2041 437 2071 in
452 2041 526 2072 add.
551 2041 744 2072 Welzhauer.
867 2041 879 2059 ⁵
904 2041 1058 2081 Mayhoff
1070 2053 1076 2071 :
1101 2051 1121 2071 a
1136 2052 1182 2072 se.
