<?xml version="1.0" encoding="UTF-8"?>
<!DOCTYPE html PUBLIC "-//W3C//DTD XHTML 1.0 Transitional//EN"
    "http://www.w3.org/TR/xhtml1/DTD/xhtml1-transitional.dtd">
<html xmlns="http://www.w3.org/1999/xhtml" xml:lang="en" lang="en">
 <head>
  <title>
</title>
<meta http-equiv="Content-Type" content="text/html;charset=utf-8" />
  <meta name='ocr-system' content='tesseract 3.04.00' />
  <meta name='ocr-capabilities' content='ocr_page ocr_carea ocr_par ocr_line ocrx_word'/>
</head>
<body>
  <div class='ocr_page' id='page_1' title='image "./naturalhistory03plinuoft/naturalhistory03plinuoft_0166.png"; bbox 0 0 1482 2312; ppageno 0'>
   <div class='ocr_carea' id='block_1_1' title="bbox 148 355 210 386">
    <p class='ocr_par' dir='ltr' id='par_1_1' title="bbox 148 355 210 386">
     <span class='ocr_line' id='line_1_1' title="bbox 148 355 210 386; baseline 0 0"><span class='ocrx_word' id='word_1_1' title='bbox 148 355 210 386; x_wconf 88' lang='lat'><strong>215</strong></span> 
     </span>
    </p>
   </div>
   <div class='ocr_carea' id='block_1_2' title="bbox 149 785 211 816">
    <p class='ocr_par' dir='ltr' id='par_1_2' title="bbox 149 785 211 816">
     <span class='ocr_line' id='line_1_2' title="bbox 149 785 211 816; baseline 0 -1"><span class='ocrx_word' id='word_1_2' title='bbox 149 785 211 816; x_wconf 78' lang='lat'><strong>216</strong></span> 
     </span>
    </p>
   </div>
   <div class='ocr_carea' id='block_1_3' title="bbox 151 1399 213 1429">
    <p class='ocr_par' dir='ltr' id='par_1_3' title="bbox 151 1399 213 1429">
     <span class='ocr_line' id='line_1_3' title="bbox 151 1399 213 1429; baseline 0 0"><span class='ocrx_word' id='word_1_3' title='bbox 151 1399 213 1429; x_wconf 87' lang='grc'><strong>217</strong></span> 
     </span>
    </p>
   </div>
   <div class='ocr_carea' id='block_1_4' title="bbox 429 121 1203 162">
    <p class='ocr_par' dir='ltr' id='par_1_4' title="bbox 429 121 1203 162">
     <span class='ocr_line' id='line_1_4' title="bbox 429 121 1203 162; baseline -0.004 0"><span class='ocrx_word' id='word_1_4' title='bbox 429 124 595 162; x_wconf 91' lang='lat' dir='ltr'>PLINY</span> <span class='ocrx_word' id='word_1_5' title='bbox 610 137 619 162; x_wconf 73' lang='grc' dir='ltr'>ε</span> <span class='ocrx_word' id='word_1_6' title='bbox 668 122 932 161; x_wconf 89' lang='lat' dir='ltr'><strong>NATURAL</strong></span> <span class='ocrx_word' id='word_1_7' title='bbox 966 121 1203 160; x_wconf 89' lang='lat' dir='ltr'>HISTORY</span> 
     </span>
    </p>
   </div>
   <div class='ocr_carea' id='block_1_5' title="bbox 230 223 1412 1689">
    <p class='ocr_par' dir='ltr' id='par_1_5' title="bbox 230 223 1403 326">
     <span class='ocr_line' id='line_1_5' title="bbox 231 223 1403 274; baseline -0.004 -10"><span class='ocrx_word' id='word_1_8' title='bbox 231 226 329 264; x_wconf 90' lang='lat' dir='ltr'><strong>haut</strong></span> <span class='ocrx_word' id='word_1_9' title='bbox 366 226 581 264; x_wconf 83' lang='lat' dir='ltr'><strong>dissimilia.</strong></span> <span class='ocrx_word' id='word_1_10' title='bbox 635 225 707 263; x_wconf 90' lang='lat' dir='ltr'><strong>sed</strong></span> <span class='ocrx_word' id='word_1_11' title='bbox 740 225 809 261; x_wconf 89' lang='lat' dir='ltr'><strong>illa</strong></span> <span class='ocrx_word' id='word_1_12' title='bbox 844 224 982 274; x_wconf 82' lang='lat' dir='ltr'><strong>Alpes,</strong></span> <span class='ocrx_word' id='word_1_13' title='bbox 1018 223 1117 261; x_wconf 90' lang='lat' dir='ltr'><strong>haec</strong></span> <span class='ocrx_word' id='word_1_14' title='bbox 1152 225 1403 260; x_wconf 85' lang='lat' dir='ltr'><strong>transmarini</strong></span> 
     </span>
     <span class='ocr_line' id='line_1_6' title="bbox 230 291 528 326; baseline -0.01 0"><span class='ocrx_word' id='word_1_15' title='bbox 230 291 329 326; x_wconf 87' lang='lat' dir='ltr'><strong>situs</strong></span> <span class='ocrx_word' id='word_1_16' title='bbox 348 291 528 325; x_wconf 89' lang='lat' dir='ltr'><strong>mittunt.</strong></span> 
     </span>
    </p>

    <p class='ocr_par' dir='ltr' id='par_1_6' title="bbox 231 345 1411 1382">
     <span class='ocr_line' id='line_1_7' title="bbox 282 345 1407 398; baseline -0.004 -12"><span class='ocrx_word' id='word_1_17' title='bbox 282 349 445 386; x_wconf 91' lang='lat' dir='ltr'>LXXX.</span> <span class='ocrx_word' id='word_1_18' title='bbox 475 348 685 385; x_wconf 86' lang='lat' dir='ltr'><strong>Simiarum</strong></span> <span class='ocrx_word' id='word_1_19' title='bbox 715 360 873 398; x_wconf 91' lang='lat' dir='ltr'><strong>quoque</strong></span> <span class='ocrx_word' id='word_1_20' title='bbox 902 359 1051 397; x_wconf 89' lang='lat' dir='ltr'><strong>genera</strong></span> <span class='ocrx_word' id='word_1_21' title='bbox 1068 346 1082 369; x_wconf 82' lang='lat'>¹</span> <span class='ocrx_word' id='word_1_22' title='bbox 1111 346 1280 383; x_wconf 90' lang='lat' dir='ltr'><strong>hominis</strong></span> <span class='ocrx_word' id='word_1_23' title='bbox 1309 345 1407 396; x_wconf 80' lang='lat' dir='ltr'><strong>figu-</strong></span> 
     </span>
     <span class='ocr_line' id='line_1_8' title="bbox 231 407 1408 461; baseline -0.004 -13"><span class='ocrx_word' id='word_1_24' title='bbox 231 424 300 448; x_wconf 88' lang='lat' dir='ltr'><strong>rae</strong></span> <span class='ocrx_word' id='word_1_25' title='bbox 340 413 521 461; x_wconf 82' lang='lat' dir='ltr'><strong>proxima</strong></span> <span class='ocrx_word' id='word_1_26' title='bbox 561 409 697 446; x_wconf 89' lang='lat' dir='ltr'><strong>caudis</strong></span> <span class='ocrx_word' id='word_1_27' title='bbox 739 411 846 445; x_wconf 87' lang='lat' dir='ltr'><strong>inter</strong></span> <span class='ocrx_word' id='word_1_28' title='bbox 886 421 927 445; x_wconf 91' lang='lat' dir='ltr'><strong>se</strong></span> <span class='ocrx_word' id='word_1_29' title='bbox 970 407 1253 458; x_wconf 72' lang='lat' dir='ltr'><strong>distinguntur.</strong></span> <span class='ocrx_word' id='word_1_30' title='bbox 1308 409 1408 443; x_wconf 89' lang='lat' dir='ltr'><strong>mira</strong></span> 
     </span>
     <span class='ocr_line' id='line_1_9' title="bbox 231 468 1408 520; baseline -0.005 -10"><span class='ocrx_word' id='word_1_31' title='bbox 231 472 429 510; x_wconf 88' lang='lat' dir='ltr'><strong>sollertia:</strong></span> <span class='ocrx_word' id='word_1_32' title='bbox 476 474 580 508; x_wconf 88' lang='lat' dir='ltr'><strong>visco</strong></span> <span class='ocrx_word' id='word_1_33' title='bbox 613 472 792 520; x_wconf 89' lang='lat' dir='ltr'><strong>inungui,</strong></span> <span class='ocrx_word' id='word_1_34' title='bbox 823 469 1057 519; x_wconf 82' lang='lat' dir='ltr'><strong>laqueisque</strong></span> <span class='ocrx_word' id='word_1_35' title='bbox 1089 468 1245 505; x_wconf 89' lang='lat' dir='ltr'><strong>calciari</strong></span> <span class='ocrx_word' id='word_1_36' title='bbox 1278 470 1408 505; x_wconf 91' lang='lat' dir='ltr'><strong>imita-</strong></span> 
     </span>
     <span class='ocr_line' id='line_1_10' title="bbox 232 529 1407 575; baseline -0.005 -4"><span class='ocrx_word' id='word_1_37' title='bbox 232 536 342 571; x_wconf 88' lang='lat' dir='ltr'><strong>tione</strong></span> <span class='ocrx_word' id='word_1_38' title='bbox 375 535 608 570; x_wconf 76' lang='lat' dir='ltr'><strong>venantium</strong></span> <span class='ocrx_word' id='word_1_39' title='bbox 640 531 821 575; x_wconf 87' lang='lat' dir='ltr'><strong>tradunt,</strong></span> <span class='ocrx_word' id='word_1_40' title='bbox 856 531 1067 567; x_wconf 85' lang='lat' dir='ltr'><strong>Mucianus</strong></span> <span class='ocrx_word' id='word_1_41' title='bbox 1102 535 1143 566; x_wconf 90' lang='lat' dir='ltr'><strong>et</strong></span> <span class='ocrx_word' id='word_1_42' title='bbox 1175 529 1407 566; x_wconf 84' lang='lat' dir='ltr'><strong>latrunculis</strong></span> 
     </span>
     <span class='ocr_line' id='line_1_11' title="bbox 233 590 1408 642; baseline -0.004 -10"><span class='ocrx_word' id='word_1_43' title='bbox 233 595 385 639; x_wconf 86' lang='lat' dir='ltr'><strong>lusisse,</strong></span> <span class='ocrx_word' id='word_1_44' title='bbox 409 594 521 631; x_wconf 85' lang='lat' dir='ltr'><strong>fictas</strong></span> <span class='ocrx_word' id='word_1_45' title='bbox 544 607 635 631; x_wconf 84' lang='lat' dir='ltr'><strong>cera</strong></span> <span class='ocrx_word' id='word_1_46' title='bbox 659 606 779 629; x_wconf 90' lang='lat' dir='ltr'><strong>nuces</strong></span> <span class='ocrx_word' id='word_1_47' title='bbox 803 595 887 629; x_wconf 85' lang='lat' dir='ltr'><strong>visu</strong></span> <span class='ocrx_word' id='word_1_48' title='bbox 910 592 1173 642; x_wconf 82' lang='lat' dir='ltr'><strong>distinguere,</strong></span> <span class='ocrx_word' id='word_1_49' title='bbox 1195 590 1289 628; x_wconf 89' lang='lat' dir='ltr'><strong>luna</strong></span> <span class='ocrx_word' id='word_1_50' title='bbox 1311 603 1408 627; x_wconf 78' lang='lat' dir='ltr'><strong>cava</strong></span> 
     </span>
     <span class='ocr_line' id='line_1_12' title="bbox 232 653 1408 705; baseline -0.005 -11"><span class='ocrx_word' id='word_1_51' title='bbox 232 659 367 694; x_wconf 85' lang='lat' dir='ltr'><strong>tristes</strong></span> <span class='ocrx_word' id='word_1_52' title='bbox 399 669 484 693; x_wconf 88' lang='lat' dir='ltr'><strong>esse</strong></span> <span class='ocrx_word' id='word_1_53' title='bbox 515 655 657 705; x_wconf 87' lang='lat' dir='ltr'><strong>quibus</strong></span> <span class='ocrx_word' id='word_1_54' title='bbox 688 657 727 690; x_wconf 92' lang='lat' dir='ltr'><strong>in</strong></span> <span class='ocrx_word' id='word_1_55' title='bbox 758 667 805 691; x_wconf 93' lang='lat' dir='ltr'><strong>eo</strong></span> <span class='ocrx_word' id='word_1_56' title='bbox 834 666 983 704; x_wconf 82' lang='lat' dir='ltr'><strong>genere</strong></span> <span class='ocrx_word' id='word_1_57' title='bbox 1012 653 1140 690; x_wconf 89' lang='lat' dir='ltr'><strong>cauda</strong></span> <span class='ocrx_word' id='word_1_58' title='bbox 1169 655 1235 696; x_wconf 91' lang='lat' dir='ltr'><strong>sit,</strong></span> <span class='ocrx_word' id='word_1_59' title='bbox 1265 665 1408 689; x_wconf 91' lang='lat' dir='ltr'><strong>novam</strong></span> 
     </span>
     <span class='ocr_line' id='line_1_13' title="bbox 235 713 1409 755; baseline -0.003 -1"><span class='ocrx_word' id='word_1_60' title='bbox 235 717 484 755; x_wconf 88' lang='lat' dir='ltr'><strong>exultatione</strong></span> <span class='ocrx_word' id='word_1_61' title='bbox 527 716 705 753; x_wconf 86' lang='lat' dir='ltr'><strong>adorari:</strong></span> <span class='ocrx_word' id='word_1_62' title='bbox 763 728 857 752; x_wconf 87' lang='lat' dir='ltr'><strong>nam</strong></span> <span class='ocrx_word' id='word_1_63' title='bbox 900 714 1104 752; x_wconf 84' lang='lat' dir='ltr'><strong>defectum</strong></span> <span class='ocrx_word' id='word_1_64' title='bbox 1149 713 1322 751; x_wconf 89' lang='lat' dir='ltr'><strong>siderum</strong></span> <span class='ocrx_word' id='word_1_65' title='bbox 1367 719 1409 750; x_wconf 88' lang='lat' dir='ltr'><strong>et</strong></span> 
     </span>
     <span class='ocr_line' id='line_1_14' title="bbox 231 777 1410 828; baseline -0.004 -12"><span class='ocrx_word' id='word_1_66' title='bbox 231 785 391 816; x_wconf 86' lang='lat' dir='ltr'><strong>ceterae</strong></span> <span class='ocrx_word' id='word_1_67' title='bbox 413 783 563 828; x_wconf 90' lang='lat' dir='ltr'><strong>pavent</strong></span> <span class='ocrx_word' id='word_1_68' title='bbox 587 777 864 827; x_wconf 83' lang='lat' dir='ltr'><strong>quadripedes.</strong></span> <span class='ocrx_word' id='word_1_69' title='bbox 921 778 1123 814; x_wconf 91' lang='lat' dir='ltr'><strong>simiarum</strong></span> <span class='ocrx_word' id='word_1_70' title='bbox 1141 778 1279 826; x_wconf 86' lang='lat' dir='ltr'><strong>generi</strong></span> <span class='ocrx_word' id='word_1_71' title='bbox 1296 788 1410 825; x_wconf 91' lang='lat' dir='ltr'><strong>prae—</strong></span> 
     </span>
     <span class='ocr_line' id='line_1_15' title="bbox 233 836 1410 890; baseline -0.003 -13"><span class='ocrx_word' id='word_1_72' title='bbox 233 843 349 890; x_wconf 91' lang='lat' dir='ltr'><strong>cipua</strong></span> <span class='ocrx_word' id='word_1_73' title='bbox 385 853 480 890; x_wconf 87' lang='lat' dir='ltr'><strong>erga</strong></span> <span class='ocrx_word' id='word_1_74' title='bbox 514 839 643 876; x_wconf 87' lang='lat' dir='ltr'><strong>fetum</strong></span> <span class='ocrx_word' id='word_1_75' title='bbox 679 838 864 875; x_wconf 83' lang='lat' dir='ltr'><strong>adfectio.</strong></span> <span class='ocrx_word' id='word_1_76' title='bbox 920 843 1083 888; x_wconf 85' lang='lat' dir='ltr'><strong>gestant</strong></span> <span class='ocrx_word' id='word_1_77' title='bbox 1117 836 1270 874; x_wconf 88' lang='lat' dir='ltr'><strong>catulos</strong></span> <span class='ocrx_word' id='word_1_78' title='bbox 1306 849 1410 886; x_wconf 91' lang='lat' dir='ltr'><strong>quae</strong></span> 
     </span>
     <span class='ocr_line' id='line_1_16' title="bbox 234 898 1410 949; baseline -0.004 -10"><span class='ocrx_word' id='word_1_79' title='bbox 234 901 535 939; x_wconf 85' lang='lat' dir='ltr'><strong>mansuefactae</strong></span> <span class='ocrx_word' id='word_1_80' title='bbox 557 903 661 937; x_wconf 89' lang='lat' dir='ltr'><strong>intra</strong></span> <span class='ocrx_word' id='word_1_81' title='bbox 677 900 814 937; x_wconf 90' lang='lat' dir='ltr'><strong>domos</strong></span> <span class='ocrx_word' id='word_1_82' title='bbox 830 912 1038 949; x_wconf 88' lang='lat' dir='ltr'><strong>peperere.</strong></span> <span class='ocrx_word' id='word_1_83' title='bbox 1051 898 1233 935; x_wconf 87' lang='lat' dir='ltr'><strong>omnibus</strong></span> <span class='ocrx_word' id='word_1_84' title='bbox 1247 898 1410 935; x_wconf 90' lang='lat' dir='ltr'><strong>demon-</strong></span> 
     </span>
     <span class='ocr_line' id='line_1_17' title="bbox 235 959 1411 1012; baseline -0.003 -12"><span class='ocrx_word' id='word_1_85' title='bbox 235 969 364 1001; x_wconf 84' lang='lat' dir='ltr'><strong>strant</strong></span> <span class='ocrx_word' id='word_1_86' title='bbox 398 965 644 1012; x_wconf 85' lang='lat' dir='ltr'><strong>tractarique</strong></span> <span class='ocrx_word' id='word_1_87' title='bbox 678 961 871 1012; x_wconf 86' lang='lat' dir='ltr'><strong>gaudent,</strong></span> <span class='ocrx_word' id='word_1_88' title='bbox 906 960 1219 1011; x_wconf 84' lang='lat' dir='ltr'><strong>gratulationem</strong></span> <span class='ocrx_word' id='word_1_89' title='bbox 1255 959 1411 997; x_wconf 90' lang='lat' dir='ltr'><strong>intelle-</strong></span> 
     </span>
     <span class='ocr_line' id='line_1_18' title="bbox 234 1020 1411 1076; baseline -0.004 -14"><span class='ocrx_word' id='word_1_90' title='bbox 234 1025 422 1076; x_wconf 86' lang='lat' dir='ltr'><strong>gentibus</strong></span> <span class='ocrx_word' id='word_1_91' title='bbox 452 1023 620 1067; x_wconf 87' lang='lat' dir='ltr'><strong>similes;</strong></span> <span class='ocrx_word' id='word_1_92' title='bbox 664 1026 801 1073; x_wconf 88' lang='lat' dir='ltr'><strong>itaque</strong></span> <span class='ocrx_word' id='word_1_93' title='bbox 830 1035 977 1072; x_wconf 87' lang='lat' dir='ltr'><strong>magna</strong></span> <span class='ocrx_word' id='word_1_94' title='bbox 1007 1035 1056 1059; x_wconf 85' lang='lat' dir='ltr'><strong>ex</strong></span> <span class='ocrx_word' id='word_1_95' title='bbox 1085 1027 1201 1071; x_wconf 86' lang='lat' dir='ltr'><strong>parte</strong></span> <span class='ocrx_word' id='word_1_96' title='bbox 1230 1020 1411 1071; x_wconf 90' lang='lat' dir='ltr'><strong>conplec-</strong></span> 
     </span>
     <span class='ocr_line' id='line_1_19' title="bbox 234 1083 1409 1134; baseline -0.003 -11"><span class='ocrx_word' id='word_1_97' title='bbox 234 1086 358 1123; x_wconf 91' lang='lat' dir='ltr'><strong>tendo</strong></span> <span class='ocrx_word' id='word_1_98' title='bbox 386 1091 545 1122; x_wconf 88' lang='lat' dir='ltr'><strong>necant.</strong></span> <span class='ocrx_word' id='word_1_99' title='bbox 601 1084 801 1122; x_wconf 85' lang='lat' dir='ltr'><strong>efferatior</strong></span> <span class='ocrx_word' id='word_1_100' title='bbox 828 1083 1107 1134; x_wconf 88' lang='lat' dir='ltr'><strong>cynocephalis</strong></span> <span class='ocrx_word' id='word_1_101' title='bbox 1136 1088 1280 1119; x_wconf 89' lang='lat' dir='ltr'><strong>natura</strong></span> <span class='ocrx_word' id='word_1_102' title='bbox 1308 1085 1409 1120; x_wconf 90' lang='lat' dir='ltr'><strong>sicut</strong></span> 
     </span>
     <span class='ocr_line' id='line_1_20' title="bbox 235 1144 1410 1197; baseline -0.003 -13"><span class='ocrx_word' id='word_1_103' title='bbox 235 1147 474 1185; x_wconf 83' lang='lat' dir='ltr'><strong>mitissima2</strong></span> <span class='ocrx_word' id='word_1_104' title='bbox 501 1149 657 1197; x_wconf 88' lang='lat' dir='ltr'><strong>satyris.</strong></span> <span class='ocrx_word' id='word_1_105' title='bbox 711 1144 948 1182; x_wconf 86' lang='lat' dir='ltr'><strong>callitriches</strong></span> <span class='ocrx_word' id='word_1_106' title='bbox 975 1150 1063 1182; x_wconf 89' lang='lat' dir='ltr'><strong>toto</strong></span> <span class='ocrx_word' id='word_1_107' title='bbox 1089 1157 1219 1194; x_wconf 87' lang='lat' dir='ltr'><strong>paene</strong></span> <span class='ocrx_word' id='word_1_108' title='bbox 1246 1149 1410 1194; x_wconf 90' lang='lat' dir='ltr'><strong>aspectu</strong></span> 
     </span>
     <span class='ocr_line' id='line_1_21' title="bbox 241 1205 1410 1255; baseline -0.004 -9"><span class='ocrx_word' id='word_1_109' title='bbox 241 1208 451 1246; x_wconf 86' lang='lat' dir='ltr'><strong>differunt:</strong></span> <span class='ocrx_word' id='word_1_110' title='bbox 482 1208 607 1244; x_wconf 87' lang='lat' dir='ltr'><strong>barba</strong></span> <span class='ocrx_word' id='word_1_111' title='bbox 627 1213 687 1244; x_wconf 89' lang='lat' dir='ltr'><strong>est</strong></span> <span class='ocrx_word' id='word_1_112' title='bbox 712 1210 751 1243; x_wconf 93' lang='lat' dir='ltr'><strong>in</strong></span> <span class='ocrx_word' id='word_1_113' title='bbox 768 1206 884 1250; x_wconf 77' lang='lat' dir='ltr'><strong>facie,</strong></span> <span class='ocrx_word' id='word_1_114' title='bbox 901 1206 1029 1243; x_wconf 85' lang='lat' dir='ltr'><strong>cauda</strong></span> <span class='ocrx_word' id='word_1_115' title='bbox 1045 1205 1128 1242; x_wconf 86' lang='lat' dir='ltr'><strong>late</strong></span> <span class='ocrx_word' id='word_1_116' title='bbox 1146 1205 1233 1242; x_wconf 87' lang='lat' dir='ltr'><strong>fusa</strong></span> <span class='ocrx_word' id='word_1_117' title='bbox 1250 1208 1410 1255; x_wconf 86' lang='lat' dir='ltr'><strong>primori</strong></span> 
     </span>
     <span class='ocr_line' id='line_1_22' title="bbox 236 1267 1409 1320; baseline -0.004 -13"><span class='ocrx_word' id='word_1_118' title='bbox 236 1276 364 1320; x_wconf 88' lang='lat' dir='ltr'><strong>parte.</strong></span> <span class='ocrx_word' id='word_1_119' title='bbox 423 1269 496 1307; x_wconf 91' lang='lat' dir='ltr'><strong>hoc</strong></span> <span class='ocrx_word' id='word_1_120' title='bbox 535 1269 682 1306; x_wconf 88' lang='lat' dir='ltr'><strong>animal</strong></span> <span class='ocrx_word' id='word_1_121' title='bbox 719 1274 891 1319; x_wconf 88' lang='lat' dir='ltr'><strong>negatur</strong></span> <span class='ocrx_word' id='word_1_122' title='bbox 928 1271 1059 1304; x_wconf 86' lang='lat' dir='ltr'><strong>vivere</strong></span> <span class='ocrx_word' id='word_1_123' title='bbox 1098 1270 1136 1303; x_wconf 89' lang='lat' dir='ltr'><strong>in</strong></span> <span class='ocrx_word' id='word_1_124' title='bbox 1175 1267 1252 1303; x_wconf 88' lang='lat' dir='ltr'><strong>alio</strong></span> <span class='ocrx_word' id='word_1_125' title='bbox 1291 1280 1409 1317; x_wconf 92' lang='lat' dir='ltr'><strong>quam</strong></span> 
     </span>
     <span class='ocr_line' id='line_1_23' title="bbox 239 1330 920 1382; baseline -0.004 -13"><span class='ocrx_word' id='word_1_126' title='bbox 239 1331 480 1381; x_wconf 85' lang='lat' dir='ltr'><strong>Aethiopiae</strong></span> <span class='ocrx_word' id='word_1_127' title='bbox 501 1345 578 1381; x_wconf 94' lang='lat' dir='ltr'><strong>quo</strong></span> <span class='ocrx_word' id='word_1_128' title='bbox 599 1333 778 1382; x_wconf 88' lang='lat' dir='ltr'><strong>gignitur</strong></span> <span class='ocrx_word' id='word_1_129' title='bbox 796 1330 920 1367; x_wconf 89' lang='lat' dir='ltr'><strong>caelo.</strong></span> 
     </span>
    </p>

    <p class='ocr_par' dir='ltr' id='par_1_7' title="bbox 236 1389 1412 1689">
     <span class='ocr_line' id='line_1_24' title="bbox 287 1389 1411 1442; baseline -0.003 -13"><span class='ocrx_word' id='word_1_130' title='bbox 287 1393 471 1430; x_wconf 87' lang='lat' dir='ltr'>LXXXI.</span> <span class='ocrx_word' id='word_1_131' title='bbox 501 1393 554 1429; x_wconf 86' lang='lat' dir='ltr'><strong>Et</strong></span> <span class='ocrx_word' id='word_1_132' title='bbox 576 1392 755 1442; x_wconf 89' lang='lat' dir='ltr'><strong>leporum</strong></span> <span class='ocrx_word' id='word_1_133' title='bbox 776 1392 889 1442; x_wconf 89' lang='lat' dir='ltr'><strong>plura</strong></span> <span class='ocrx_word' id='word_1_134' title='bbox 910 1396 1003 1428; x_wconf 87' lang='lat' dir='ltr'><strong>sunt</strong></span> <span class='ocrx_word' id='word_1_135' title='bbox 1024 1403 1186 1441; x_wconf 85' lang='lat' dir='ltr'><strong>genera.</strong></span> <span class='ocrx_word' id='word_1_136' title='bbox 1241 1392 1281 1426; x_wconf 90' lang='lat' dir='ltr'><strong>in</strong></span> <span class='ocrx_word' id='word_1_137' title='bbox 1301 1389 1411 1440; x_wconf 90' lang='lat' dir='ltr'><strong>Alpi-</strong></span> 
     </span>
     <span class='ocr_line' id='line_1_25' title="bbox 236 1451 1410 1504; baseline -0.003 -13"><span class='ocrx_word' id='word_1_138' title='bbox 236 1454 309 1491; x_wconf 86' lang='lat' dir='ltr'><strong>bus</strong></span> <span class='ocrx_word' id='word_1_139' title='bbox 348 1454 505 1491; x_wconf 79' lang='lat' dir='ltr'><strong>candidi</strong></span> <span class='ocrx_word' id='word_1_140' title='bbox 545 1454 674 1504; x_wconf 81' lang='lat' dir='ltr'><strong>quos3</strong></span> <span class='ocrx_word' id='word_1_141' title='bbox 714 1453 887 1490; x_wconf 86' lang='lat' dir='ltr'><strong>hibernis</strong></span> <span class='ocrx_word' id='word_1_142' title='bbox 926 1452 1128 1489; x_wconf 83' lang='lat' dir='ltr'><strong>mensibus</strong></span> <span class='ocrx_word' id='word_1_143' title='bbox 1166 1465 1237 1501; x_wconf 87' lang='lat' dir='ltr'><strong>pro</strong></span> <span class='ocrx_word' id='word_1_144' title='bbox 1275 1451 1410 1488; x_wconf 90' lang='lat' dir='ltr'><strong>cibatu</strong></span> 
     </span>
     <span class='ocr_line' id='line_1_26' title="bbox 237 1513 1411 1564; baseline -0.003 -12"><span class='ocrx_word' id='word_1_145' title='bbox 237 1519 369 1553; x_wconf 87' lang='lat' dir='ltr'><strong>nivem</strong></span> <span class='ocrx_word' id='word_1_146' title='bbox 388 1516 556 1553; x_wconf 83' lang='lat' dir='ltr'><strong>credunt</strong></span> <span class='ocrx_word' id='word_1_147' title='bbox 578 1521 826 1552; x_wconf 83' lang='lat' dir='ltr'><strong>esse—certe</strong></span> <span class='ocrx_word' id='word_1_148' title='bbox 846 1514 1091 1564; x_wconf 90' lang='lat' dir='ltr'><strong>liquescente</strong></span> <span class='ocrx_word' id='word_1_149' title='bbox 1111 1526 1159 1550; x_wconf 91' lang='lat' dir='ltr'><strong>ea</strong></span> <span class='ocrx_word' id='word_1_150' title='bbox 1177 1513 1411 1550; x_wconf 88' lang='lat' dir='ltr'><strong>rutilescunt</strong></span> 
     </span>
     <span class='ocr_line' id='line_1_27' title="bbox 237 1574 1411 1626; baseline -0.001 -13"><span class='ocrx_word' id='word_1_151' title='bbox 237 1580 348 1614; x_wconf 87' lang='lat' dir='ltr'><strong>annis</strong></span> <span class='ocrx_word' id='word_1_152' title='bbox 386 1577 663 1614; x_wconf 84' lang='lat' dir='ltr'><strong>omnibus—et</strong></span> <span class='ocrx_word' id='word_1_153' title='bbox 702 1582 762 1614; x_wconf 86' lang='lat' dir='ltr'><strong>est</strong></span> <span class='ocrx_word' id='word_1_154' title='bbox 800 1576 945 1626; x_wconf 89' lang='lat' dir='ltr'><strong>alioqui</strong></span> <span class='ocrx_word' id='word_1_155' title='bbox 984 1574 1129 1612; x_wconf 87' lang='lat' dir='ltr'><strong>animal</strong></span> <span class='ocrx_word' id='word_1_156' title='bbox 1174 1574 1411 1612; x_wconf 87' lang='lat' dir='ltr'><strong>intolerandi</strong></span> 
     </span>
     <span class='ocr_line' id='line_1_28' title="bbox 236 1638 1412 1689; baseline -0.002 -14"><span class='ocrx_word' id='word_1_157' title='bbox 236 1641 374 1689; x_wconf 87' lang='lat' dir='ltr'><strong>rigoris</strong></span> <span class='ocrx_word' id='word_1_158' title='bbox 412 1639 628 1675; x_wconf 86' lang='lat' dir='ltr'><strong>alumnum.</strong></span> <span class='ocrx_word' id='word_1_159' title='bbox 693 1638 872 1688; x_wconf 90' lang='lat' dir='ltr'><strong>leporum</strong></span> <span class='ocrx_word' id='word_1_160' title='bbox 910 1639 1066 1688; x_wconf 87' lang='lat' dir='ltr'><strong>generis</strong></span> <span class='ocrx_word' id='word_1_161' title='bbox 1104 1641 1196 1673; x_wconf 90' lang='lat' dir='ltr'><strong>sunt</strong></span> <span class='ocrx_word' id='word_1_162' title='bbox 1234 1642 1276 1674; x_wconf 82' lang='lat' dir='ltr'><strong>et</strong></span> <span class='ocrx_word' id='word_1_163' title='bbox 1315 1649 1412 1686; x_wconf 89' lang='lat' dir='ltr'><strong>quos</strong></span> 
     </span>
    </p>
   </div>
   <div class='ocr_carea' id='block_1_6' title="bbox 556 1739 1086 1866">
    <p class='ocr_par' dir='ltr' id='par_1_8' title="bbox 556 1739 1086 1866">
     <span class='ocr_line' id='line_1_29' title="bbox 557 1739 1050 1815; baseline -0.006 -42"><span class='ocrx_word' id='word_1_164' title='bbox 557 1742 569 1803; x_wconf 57' lang='grc' dir='ltr'>Ξ</span> <span class='ocrx_word' id='word_1_165' title='bbox 591 1751 713 1815; x_wconf 43' lang='lat' dir='ltr'><strong>{eliberri</strong></span> <span class='ocrx_word' id='word_1_166' title='bbox 730 1740 870 1789; x_wconf 74' lang='lat' dir='ltr'><strong>(plura)</strong></span> <span class='ocrx_word' id='word_1_167' title='bbox 888 1739 1050 1814; x_wconf 67' lang='lat' dir='ltr'><strong>fllaglshoff.</strong></span> 
     </span>
     <span class='ocr_line' id='line_1_30' title="bbox 556 1785 1086 1866; baseline -0.006 -7"><span class='ocrx_word' id='word_1_168' title='bbox 556 1828 568 1845; x_wconf 81' lang='lat'>³</span> <span class='ocrx_word' id='word_1_169' title='bbox 592 1787 955 1866; x_wconf 43' lang='lat' dir='ltr'><strong>Rackhasslargffilgug·</strong></span> <span class='ocrx_word' id='word_1_170' title='bbox 974 1806 980 1813; x_wconf 49' lang='grc'><strong><em>.</em></strong></span> <span class='ocrx_word' id='word_1_171' title='bbox 997 1785 1086 1821; x_wconf 47' lang='grc' dir='ltr'><strong>07η.)-</strong></span> 
     </span>
    </p>
   </div>
   <div class='ocr_carea' id='block_1_7' title="bbox 243 1899 518 1904">
    <p class='ocr_par' dir='ltr' id='par_1_9' title="bbox 243 1899 518 1904">
     <span class='ocr_line' id='line_1_31' title="bbox 243 1899 518 1904; baseline 0 0"><span class='ocrx_word' id='word_1_172' title='bbox 243 1899 518 1904; x_wconf 95' lang='lat' dir='ltr'><strong> </strong></span> 
     </span>
    </p>
   </div>
   <div class='ocr_carea' id='block_1_8' title="bbox 282 1926 1366 2014">
    <p class='ocr_par' dir='ltr' id='par_1_10' title="bbox 282 1926 1366 2014">
     <span class='ocr_line' id='line_1_32' title="bbox 285 1926 1366 1971; baseline -0.003 -10"><span class='ocrx_word' id='word_1_173' title='bbox 285 1934 300 1950; x_wconf 75' lang='lat'>⁶</span> <span class='ocrx_word' id='word_1_174' title='bbox 321 1929 472 1971; x_wconf 83' lang='lat' dir='ltr'><strong>Perhaps</strong></span> <span class='ocrx_word' id='word_1_175' title='bbox 489 1929 547 1961; x_wconf 80' lang='lat' dir='ltr'><strong>the</strong></span> <span class='ocrx_word' id='word_1_176' title='bbox 564 1932 848 1970; x_wconf 80' lang='lat' dir='ltr'><strong>ourang-outang‚</strong></span> <span class='ocrx_word' id='word_1_177' title='bbox 866 1927 976 1959; x_wconf 88' lang='lat' dir='ltr'><strong>which</strong></span> <span class='ocrx_word' id='word_1_178' title='bbox 992 1937 1102 1959; x_wconf 83' lang='lat' dir='ltr'><strong>eomes</strong></span> <span class='ocrx_word' id='word_1_179' title='bbox 1118 1927 1206 1958; x_wconf 83' lang='lat' dir='ltr'><strong>from</strong></span> <span class='ocrx_word' id='word_1_180' title='bbox 1223 1926 1366 1958; x_wconf 87' lang='lat' dir='ltr'><strong>Borneo.</strong></span> 
     </span>
     <span class='ocr_line' id='line_1_33' title="bbox 282 1970 1266 2014; baseline -0.003 -10"><span class='ocrx_word' id='word_1_181' title='bbox 282 1972 293 1991; x_wconf 54' lang='grc' dir='ltr'>ὁ</span> <span class='ocrx_word' id='word_1_182' title='bbox 317 1972 388 2004; x_wconf 88' lang='lat' dir='ltr'><strong>The</strong></span> <span class='ocrx_word' id='word_1_183' title='bbox 406 1972 691 2014; x_wconf 75' lang='lat' dir='ltr'><strong>semnopithecuS,</strong></span> <span class='ocrx_word' id='word_1_184' title='bbox 710 1981 748 2003; x_wconf 91' lang='lat' dir='ltr'><strong>or</strong></span> <span class='ocrx_word' id='word_1_185' title='bbox 764 1971 910 2013; x_wconf 80' lang='lat' dir='ltr'><strong>perhaps</strong></span> <span class='ocrx_word' id='word_1_186' title='bbox 926 1971 986 2002; x_wconf 80' lang='lat' dir='ltr'><strong>the</strong></span> <span class='ocrx_word' id='word_1_187' title='bbox 1004 1970 1266 2011; x_wconf 78' lang='lat' dir='ltr'><strong>cercopithecus.</strong></span> 
     </span>
    </p>
   </div>
   <div class='ocr_carea' id='block_1_9' title="bbox 247 2046 315 2082">
    <p class='ocr_par' dir='ltr' id='par_1_11' title="bbox 247 2046 315 2082">
     <span class='ocr_line' id='line_1_34' title="bbox 247 2046 315 2082; baseline -0.015 -11"><span class='ocrx_word' id='word_1_188' title='bbox 247 2046 315 2082; x_wconf 90' lang='lat'><strong>150</strong></span> 
     </span>
    </p>
   </div>
   <div class='ocr_carea' id='block_1_10' title="bbox 677 1897 846 1901">
    <p class='ocr_par' dir='ltr' id='par_1_12' title="bbox 677 1897 846 1901">
     <span class='ocr_line' id='line_1_35' title="bbox 677 1897 846 1901; baseline 0 0"><span class='ocrx_word' id='word_1_189' title='bbox 677 1897 846 1901; x_wconf 95' lang='lat' dir='ltr'><strong> </strong></span> 
     </span>
    </p>
   </div>
  </div>
 </body>
</html>
