1482 2312
148 259 189 290 28

152 1095 194 1125 30

155 1722 193 1753 31

414 150 577 188 PLINY
593 164 602 188 ε
654 150 916 188 NATURAL
953 150 1188 188 HISTORY

214 253 445 290 conferente
468 254 609 297 turba3
647 259 758 290 certe
782 267 860 303 quo
883 256 1009 290 maior
1031 266 1166 290 eorum
1190 253 1265 291 fuit
1288 254 1386 291 mul-

214 323 359 366 titudo,
379 322 450 359 hoc
471 326 595 359 maior
614 323 657 359 fit
678 328 719 360 et
732 321 748 345 ¹
768 325 997 360 examinum
1015 329 1241 372 proventus.
1298 337 1386 360 cum

214 392 335 428 mella
350 398 567 442 coeperunt
583 398 865 435 maturescere,
878 392 1044 442 abigunt
1065 405 1145 435 eos,
1157 392 1387 442 multaeque

215 462 388 512 singulos
408 462 620 512 adgressae
640 462 855 499 trucidant.
909 475 980 498 nec
1001 461 1041 498 id
1060 475 1185 512 genus
1205 464 1277 499 nisi
1296 475 1387 499 vere

214 535 464 580 conspicitur.
519 531 630 568 fucus
661 531 858 580 ademptis
889 531 959 567 alis
990 534 1028 567 in
1059 531 1189 567 alvum
1220 534 1388 569 reiectus

217 604 299 650 ipse
348 604 491 637 ceteris
541 601 692 637 adimit.
765 600 856 637 XII.
909 603 1036 650 regias
1087 601 1388 650 imperatoribus

217 670 358 707 futuris
372 674 412 706 in
427 674 505 706 ima
520 677 635 719 parte
650 670 725 707 alvi
742 676 951 707 exstruunt
968 670 1134 719 amplas,
1148 671 1389 721 magnificas,

217 746 436 790 separatas,
453 740 662 777 tuberculo
682 742 926 783 eminentes3
959 740 1064 790 quod
1083 743 1112 777 si
1133 743 1389 790 exprimatur,

217 823 295 846 non
320 810 569 860 gignuntur-,2
620 809 864 860 sexangulae
893 823 1029 846 omnes
1056 809 1182 846 cellae
1210 823 1233 846 a
1260 813 1389 860 singu-

216 879 342 916 lorum
375 880 523 929 pedum
556 893 688 928 opere.
755 879 851 916 nihil
884 878 1023 915 horum
1056 885 1163 916 stato
1195 885 1390 929 tempore,

217 949 287 986 sed
300 952 459 998 rapiunt
474 949 613 986 diebus
627 951 775 986 serenis
788 951 936 985 munia.
991 948 1109 985 melle
1123 962 1201 985 uno
1215 949 1391 986 alterove

218 1032 415 1056 summum
430 1019 493 1056 die
508 1018 629 1055 cellas
644 1018 812 1068 replent.

270 1088 389 1125 Venit
423 1088 496 1125 hoc
530 1101 579 1125 ex
614 1101 705 1125 aere
740 1094 781 1125 et
815 1091 988 1124 maxime
1026 1088 1198 1125 siderum
1237 1094 1392 1132 exortu,

219 1161 510 1208 praecipueque
561 1161 644 1207 ipso
689 1157 788 1194 Sirio
833 1157 1168 1207 explendescente
1213 1157 1287 1195 fit3
1319 1171 1392 1196 nec

219 1230 377 1265 omnino
396 1230 501 1277 prius
519 1227 773 1279 vergiliarum
793 1233 948 1271 exortu,
966 1227 1189 1264 sublucanis
1207 1230 1392 1277 tempori-

220 1298 303 1334 bus.
358 1300 494 1348 itaque
518 1303 605 1334 tum
630 1300 757 1347 prima
783 1310 922 1334 aurora
947 1296 1043 1333 folia
1067 1297 1251 1334 arborum
1274 1297 1393 1334 melle

221 1367 371 1404 roscida
404 1370 672 1410 inveniuntur,
705 1380 751 1404 ac
781 1369 810 1404 si
846 1370 910 1417 qui
946 1369 1143 1403 matutino
1176 1367 1248 1403 sub
1276 1366 1395 1404 divo4

219 1437 345 1481 fuere,
374 1443 513 1474 unctas
542 1437 693 1487 liquore
723 1439 841 1473 vestis
869 1436 1137 1486 capillumque
1165 1442 1391 1473 concretum

220 1510 411 1551 sentiunt,
451 1509 532 1544 sive
571 1506 638 1543 ille
679 1512 739 1544 est
779 1506 878 1543 caeli
919 1506 1037 1543 sudor
1075 1509 1155 1543 sive
1197 1506 1392 1556 quaedam

220 1577 392 1614 siderum
407 1577 529 1614 saliva
544 1579 625 1613 sive
641 1579 846 1627 purgantis
867 1589 909 1613 se
930 1579 1029 1613 aeris
1049 1589 1174 1613 sucus.
1223 1579 1393 1613 utinam-

220 1660 297 1697 que
327 1653 432 1684 esset
460 1660 580 1696 purus
609 1660 654 1683 ac
682 1646 853 1696 liquidus
883 1652 923 1682 et
947 1659 1041 1682 suae
1065 1651 1247 1689 naturae,
1268 1645 1392 1696 qualis

221 1716 360 1754 defluit
387 1717 534 1766 primo!
565 1730 668 1752 nunc
697 1729 788 1752 vero
816 1729 838 1752 a
865 1721 981 1752 tanta
1008 1715 1154 1752 cadens
1182 1715 1393 1752 altitudine

223 1787 471 1836 multumque
509 1786 603 1823 dum
643 1789 751 1823 venit
783 1786 1011 1822 sordescens
1044 1791 1086 1822 et
1117 1785 1231 1821 obvio
1262 1791 1394 1822 terrae

222 1855 349 1892 halitu
366 1855 550 1899 infectus,
565 1861 775 1905 praeterea
794 1868 815 1892 e
830 1855 970 1891 fronde
987 1868 1032 1891 ae
1047 1854 1202 1904 pabulis
1218 1859 1335 1903 potus
1353 1860 1394 1891 et

311 1942 321 1960 ¹
348 1941 502 1981 Mayhoff
513 1954 520 1973 ε
546 1941 604 1972 fiet
620 1945 676 1972 aut
692 1940 742 1972 fit.
856 1940 867 1958 ²
889 1941 942 1972 v.l.
957 1941 1144 1981 gignuntur
1159 1938 1304 1971 suboles.

309 1984 322 2045 Ξ
345 1984 744 2058 ἱιίἶάέιυὲῖᾶξξῗηάθεοθῃὺθ
760 1988 816 2014 aut
832 1982 1090 2024 exsplendescit.

222 2091 292 2128 450
