1482 2312
413 104 578 142 PLINY
592 117 601 142 :
651 103 913 141 NATURAL
949 101 1183 139 HISTORY

217 207 287 244 sed
319 219 342 242 a
374 209 541 243 trimatu
576 206 798 256 legitimus:
845 204 1018 241 totidem
1052 208 1149 253 quot
1183 215 1310 252 equae
1343 207 1384 238 et

217 271 342 307 isdem
379 270 579 307 mensibus
617 275 658 306 et
695 268 811 306 simili
846 268 976 305 modo.
1031 266 1102 303 sed
1137 269 1385 303 incontinens

217 341 354 371 uterus
374 337 528 370 urinam
548 333 767 384 genitalem
786 332 917 368 reddit
938 334 976 367 ni
993 336 1160 380 cogatur
1175 333 1214 366 in
1229 343 1385 367 cursum

217 398 445 435 verberibus
479 411 501 434 a
534 400 653 434 coitu.
707 409 795 433 raro
827 398 1006 446 geminos
1039 397 1156 444 parit.
1210 397 1386 443 paritura

218 463 346 499 lucem
370 461 474 512 fugit
500 467 541 498 et
565 461 754 498 tenebras
779 462 950 510 quaerit,
973 472 1024 496 ne
1048 460 1313 508 conspiciatur
1336 457 1386 494 ab

217 526 387 563 homine.
443 527 572 576 gignit
584 531 672 562 tota
686 527 780 569 w‘ta,
795 537 897 574 quae
917 529 977 560 est
995 525 1031 559 ei
1049 522 1100 559 ad
1115 524 1387 559 tricensimum

135 596 196 627 169
216 603 375 626 annum.
430 595 568 640 partus
605 592 750 626 caritas
783 601 952 632 summa,
979 586 1048 624 sed
1083 599 1276 636 aquarum
1302 592 1388 622 tae-

218 654 327 691 dium
365 656 512 690 maius:
554 667 625 703 per
653 656 764 703 ignes
795 652 846 689 ad
872 652 979 689 fetus
1005 651 1194 695 tendunt,
1221 650 1387 688 eaedem

218 721 249 755 si
293 721 397 755 rivus
441 720 626 755 minimus
670 720 827 754 intersit
870 715 1033 753 horrent
1083 715 1209 752 imos¹
1264 714 1387 764 pedes

219 785 378 819 omnino
407 785 604 832 tinguere.
660 794 733 818 nec
762 783 835 818 nisi
867 780 1054 817 adsuetos
1084 784 1227 829 potant
1257 777 1388 815 fontes

219 860 322 896 quae
344 852 436 883 sunt
465 849 504 882 in
526 848 720 895 pecuariis
742 851 865 895 atque
887 847 944 881 ita
965 850 1009 881 ut
1031 847 1133 881 sicco
1152 845 1316 879 tramite
1338 842 1389 879 ad

219 917 358 960 potum
399 916 515 953 eant3
570 923 642 946 nec
682 915 824 959 pontes
862 914 1073 945 transeunt
1113 921 1184 957 pro
1222 909 1388 943 raritate

219 988 355 1011 eorum
413 974 702 1011 tralucentibus
762 973 910 1017 fluvii53
983 975 1207 1022 mirumque
1266 971 1389 1015 dictu,

219 1041 359 1075 sitiunt
389 1044 445 1082 et,
473 1042 503 1075 si
534 1044 741 1075 mutentur
769 1051 912 1088 aquae,
941 1043 986 1074 ut
1014 1037 1156 1073 bibant
1184 1035 1388 1086 cogendae

220 1103 495 1140 exorandaeve
543 1108 647 1140 sunt.
702 1115 775 1139 nec
824 1104 895 1139 nisi
943 1103 1118 1151 spatiosa
1166 1103 1205 1136 in
1251 1099 1389 1136 cubitu

218 1167 363 1203 laxitas
392 1173 504 1210 tuta3
548 1170 655 1203 varia
684 1179 857 1216 namque
887 1178 1023 1203 somno
1053 1168 1135 1202 visa
1162 1166 1389 1214 concipiunt

220 1234 302 1268 ictu
327 1231 474 1280 pedum
499 1231 652 1275 crebro,
678 1234 742 1281 qui
769 1233 842 1268 nisi
879 1243 950 1280 per
985 1232 1103 1266 inane
1129 1231 1304 1272 emicuit,
1329 1241 1389 1264 re-

219 1295 335 1345 pulsu
368 1295 535 1332 durioris
576 1298 770 1333 materiae
811 1295 1074 1332 clauditatem
1114 1294 1203 1330 ilico
1243 1292 1387 1330 adfert.

139 1365 198 1396 170
219 1365 408 1411 quaestus
451 1373 500 1396 ex
532 1359 591 1397 his
623 1361 755 1409 opima
787 1359 950 1408 praedia
983 1363 1199 1408 exuperat:
1244 1363 1383 1394 notum

221 1430 282 1461 est
326 1427 365 1460 in
411 1423 626 1461 Celtiberia
671 1423 845 1474 singulas
890 1423 1235 1473 quadringentena
1278 1421 1387 1459 milia

221 1501 426 1524 nummum
450 1491 600 1532 enixas,
622 1488 820 1525 mularum
842 1500 1029 1525 maxume
1051 1492 1181 1536 partu.
1236 1489 1388 1524 aurium

221 1552 369 1589 referre
394 1555 433 1588 in
458 1551 516 1589 his
543 1558 583 1589 et
607 1552 888 1602 palpebrarum
914 1551 1013 1601 pilos
1038 1554 1172 1594 aiunt3
1211 1554 1388 1601 quamw's

223 1619 327 1653 enim
378 1616 554 1653 unicolor
603 1616 755 1666 reliquo
805 1629 982 1665 corpore,
1031 1615 1201 1652 totidem
1252 1621 1389 1652 tamen

221 1680 370 1717 colores
399 1686 495 1730 quot
523 1681 575 1716 ibi
602 1680 712 1716 fuere
734 1680 876 1716 reddit.
932 1679 1059 1730 pullos
1080 1692 1216 1716 earum
1238 1679 1387 1728 epulari

224 1744 440 1781 Maecenas
476 1747 648 1781 instituit
685 1744 855 1781 multum
891 1756 938 1780 eo
973 1749 1154 1793 tempore
1189 1743 1389 1792 praelatos

326 1842 336 1860 ¹
361 1839 541 1880 Detlefsen:
567 1838 739 1869 horrentia
755 1842 794 1869 ut
811 1838 964 1877 (horrent
979 1838 1098 1878 etiam)
1116 1837 1277 1878 Mayhoff.

627 1953 642 1967 ⁰
663 1946 724 1977 See
739 1949 818 1976 note
832 1955 875 1976 on
891 1946 989 1985 5167.

227 2010 293 2047 118
