1482 2312
409 196 598 233 PLINY:
650 195 913 232 NATURAL
950 194 1187 232 HISTORY

211 313 371 337 causam
406 298 636 350 diligentius
672 301 843 349 spectari
880 311 946 335 eos
982 297 1169 335 iracunde
1205 297 1386 340 ferebat3

131 375 189 405 144
214 369 378 406 Claudio
393 369 551 406 Caesari
567 369 616 405 ab
631 368 784 419 angulis
799 368 968 404 candore
983 381 1146 404 carnoso
1161 369 1386 417 sanguineis

130 861 190 891 145

133 1418 193 1449 146

214 441 320 475 venis
337 438 503 475 subinde
515 437 670 481 suffusi;
698 437 797 474 Gaio
807 439 973 487 principi
984 439 1182 487 rigentes3
1207 433 1383 479 Neroni,1

214 510 284 544 nisi
304 522 394 544 cum
413 510 613 544 coniveret
634 507 685 544 ad
714 520 836 557 prope
857 506 1033 550 admota,
1052 505 1232 543 hebetes.
1301 506 1355 543 H
1372 505 1386 527 2

213 577 479 627 gladiatorum
506 579 545 612 in
573 576 646 612 Gai
674 578 861 626 principis
888 575 980 612 ludo
1007 574 1132 619 fuere,
1159 577 1199 611 in
1224 574 1283 612 his
1310 575 1388 612 duo

214 649 371 683 omnino
392 648 458 696 qui
478 652 616 682 contra
635 647 983 682 comminationem
1001 645 1173 695 aliquam
1191 658 1269 681 non
1284 647 1387 682 coni-

215 722 366 759 verent,
391 721 432 752 et
456 716 506 752 ob
529 715 570 752 id
593 717 751 752 invicti:
785 720 924 752 tantae
954 714 1027 751 hoc
1056 714 1298 751 difficultatis
1328 721 1388 752 est

215 785 376 829 homini,
390 785 588 836 plerisque
604 798 696 822 vero
711 784 891 821 naturale
908 790 952 821 ut
966 786 1108 821 nictari
1123 797 1201 820 non
1216 790 1387 828 cessent,

214 869 310 906 quos
339 855 559 906 pavidiores
584 857 819 904 accepimus.
875 854 1008 891 oculus
1039 853 1242 890 unicolor³
1272 853 1388 890 nulli:

214 927 411 962 communi
427 924 443 947 4
469 924 639 961 candore
668 925 848 960 omnibus
876 924 1030 960 medius
1058 923 1162 960 colos
1189 922 1385 960 differens.

217 1008 346 1044 neque
380 994 459 1031 ulla
493 1007 542 1031 ex
575 1000 689 1044 parte
725 996 873 1030 maiora
907 994 1027 1029 anjmi
1061 993 1207 1030 indicia
1239 995 1390 1030 cunctis

217 1064 463 1107 animalibus,
485 1063 555 1100 sed
575 1063 723 1100 homini
745 1065 932 1107 maxime,
953 1062 994 1100 id
1015 1068 1077 1100 est
1096 1062 1391 1107 moderationis,

215 1133 466 1178 clementiae,
512 1133 816 1177 misericordiae,
862 1133 955 1176 odii,
1000 1134 1156 1176 amoris,
1191 1134 1391 1176 tristitiae,

217 1203 407 1240 laetitiae.
448 1206 630 1240 contuitu
645 1216 802 1253 quoque
818 1201 1096 1246 multiformes,
1112 1208 1258 1246 truces,
1274 1204 1390 1246 torvi,

216 1272 444 1323 flagrantes,
464 1286 618 1323 graves,
638 1274 864 1315 transversi,
885 1271 982 1315 limi,
1003 1273 1212 1315 summissi,
1233 1271 1390 1309 blandi:

217 1342 395 1393 profecto
430 1344 469 1378 in
504 1342 624 1379 oculis
660 1344 813 1378 animus
848 1341 1016 1378 habitat.
1073 1341 1228 1385 ardent,
1264 1343 1392 1378 inten-

216 1412 377 1456 duntur,
399 1418 618 1456 umectant,
642 1414 848 1455 conivent3
881 1410 971 1448 hinc
990 1410 1056 1447 illa
1078 1413 1208 1448 miseri
1236 1411 1392 1447 cordiae

218 1481 392 1526 lacrima,
405 1481 475 1519 hos
490 1495 579 1518 cum
595 1481 868 1518 exosculamur
882 1483 1056 1517 animum
1071 1483 1199 1531 ipsum
1214 1480 1393 1517 videmur

219 1554 433 1602 attingere,
458 1551 548 1588 hinc
573 1551 690 1588 fletus
716 1557 758 1588 et
783 1553 947 1602 rigantis
973 1564 1040 1587 ora
1068 1553 1150 1587 rivi.
1207 1552 1292 1600 quis
1325 1549 1389 1587 ille

219 1628 280 1659 est
302 1635 413 1658 umor
434 1624 473 1657 in
495 1621 628 1658 dolore
644 1627 728 1658 tam
744 1620 936 1658 fecundus
953 1626 994 1658 et
1009 1626 1171 1670 paratus
1188 1619 1201 1655 ?
1236 1625 1305 1657 aut
1323 1620 1390 1657 ubi

219 1691 369 1741 reliquo
411 1691 618 1741 tempore?
675 1693 806 1727 animo
848 1696 985 1727 autem
1026 1689 1218 1734 videmus,
1261 1691 1394 1727 animo

219 1763 436 1804 cernimus3
483 1760 583 1797 oculi
617 1773 690 1797 ceu
723 1773 816 1797 vasa
849 1759 1047 1810 quaedam
1080 1758 1274 1796 visibilem
1307 1761 1391 1796 eius

221 1836 376 1881 partem
427 1832 627 1880 accipiunt
676 1836 797 1880 atque
847 1831 1090 1866 tramittunt.
1146 1831 1201 1865 sic
1249 1842 1395 1879 magna

276 1927 290 1988 ζ
314 1926 390 2000 abidi.
401 1925 540 1998 (Jeroni
558 1926 701 1965 (caesii)
719 1929 756 1956 at
772 1936 810 1956 ex
826 1925 981 1956 Suetonio
998 1924 1164 1965 Mayhoff)
1180 1936 1187 1955 :
1212 1924 1370 1956 Neronia.

348 1979 364 1999 r
378 1979 406 2000 κ
430 1980 467 2000 s:
493 1980 549 2000 xx.

277 2011 290 2030 ⁸
314 2012 364 2043 υλ.
382 2011 552 2043 unicolore
568 2012 626 2049 (an
643 2021 711 2042 uno
728 2010 861 2042 colore?
887 2010 1064 2051 Mayhoff).

277 2055 290 2072 ⁴
314 2054 488 2095 Maylwff:
514 2064 602 2085 cum.

222 2126 289 2165 522
