<?xml version="1.0" encoding="UTF-8"?>
<!DOCTYPE html PUBLIC "-//W3C//DTD XHTML 1.0 Transitional//EN"
    "http://www.w3.org/TR/xhtml1/DTD/xhtml1-transitional.dtd">
<html xmlns="http://www.w3.org/1999/xhtml" xml:lang="en" lang="en">
 <head>
  <title>
</title>
<meta http-equiv="Content-Type" content="text/html;charset=utf-8" />
  <meta name='ocr-system' content='tesseract 3.04.00' />
  <meta name='ocr-capabilities' content='ocr_page ocr_carea ocr_par ocr_line ocrx_word'/>
</head>
<body>
  <div class='ocr_page' id='page_1' title='image "./naturalhistory03plinuoft/naturalhistory03plinuoft_0488.png"; bbox 0 0 1482 2312; ppageno 0'>
   <div class='ocr_carea' id='block_1_1' title="bbox 162 379 202 408">
    <p class='ocr_par' dir='ltr' id='par_1_1' title="bbox 162 379 202 408">
     <span class='ocr_line' id='line_1_1' title="bbox 162 379 202 408; baseline 0.025 -1"><span class='ocrx_word' id='word_1_1' title='bbox 162 379 202 408; x_wconf 73' lang='lat'><strong>65</strong></span> 
     </span>
    </p>
   </div>
   <div class='ocr_carea' id='block_1_2' title="bbox 160 870 201 899">
    <p class='ocr_par' dir='ltr' id='par_1_2' title="bbox 160 870 201 899">
     <span class='ocr_line' id='line_1_2' title="bbox 160 870 201 899; baseline 0.049 -2"><span class='ocrx_word' id='word_1_2' title='bbox 160 870 201 899; x_wconf 80' lang='grc'><strong>66</strong></span> 
     </span>
    </p>
   </div>
   <div class='ocr_carea' id='block_1_3' title="bbox 159 1177 198 1208">
    <p class='ocr_par' dir='ltr' id='par_1_3' title="bbox 159 1177 198 1208">
     <span class='ocr_line' id='line_1_3' title="bbox 159 1177 198 1208; baseline 0.051 -2"><span class='ocrx_word' id='word_1_3' title='bbox 159 1177 198 1208; x_wconf 86' lang='grc'><strong>67</strong></span> 
     </span>
    </p>
   </div>
   <div class='ocr_carea' id='block_1_4' title="bbox 426 145 1200 186">
    <p class='ocr_par' dir='ltr' id='par_1_4' title="bbox 426 145 1200 186">
     <span class='ocr_line' id='line_1_4' title="bbox 426 145 1200 186; baseline 0.001 -3"><span class='ocrx_word' id='word_1_4' title='bbox 426 145 591 184; x_wconf 91' lang='lat' dir='ltr'>PLINY</span> <span class='ocrx_word' id='word_1_5' title='bbox 606 160 615 184; x_wconf 73' lang='grc' dir='ltr'>ε</span> <span class='ocrx_word' id='word_1_6' title='bbox 666 147 701 183; x_wconf 95' lang='lat' dir='ltr'>N</span> <span class='ocrx_word' id='word_1_7' title='bbox 704 147 928 184; x_wconf 89' lang='lat' dir='ltr'><strong>ATURAL</strong></span> <span class='ocrx_word' id='word_1_8' title='bbox 965 148 1200 186; x_wconf 89' lang='lat' dir='ltr'>HISTORY</span> 
     </span>
    </p>
   </div>
   <div class='ocr_carea' id='block_1_5' title="bbox 219 249 1398 1762">
    <p class='ocr_par' dir='ltr' id='par_1_5' title="bbox 226 249 1394 361">
     <span class='ocr_line' id='line_1_5' title="bbox 226 249 1394 300; baseline 0.003 -14"><span class='ocrx_word' id='word_1_9' title='bbox 226 249 362 287; x_wconf 89' lang='lat' dir='ltr'><strong>claron</strong></span> <span class='ocrx_word' id='word_1_10' title='bbox 407 256 566 293; x_wconf 85' lang='lat' dir='ltr'><strong>vocant,</strong></span> <span class='ocrx_word' id='word_1_11' title='bbox 611 252 708 286; x_wconf 86' lang='lat' dir='ltr'><strong>item</strong></span> <span class='ocrx_word' id='word_1_12' title='bbox 755 249 1030 300; x_wconf 85' lang='lat' dir='ltr'><strong>blapsigonian</strong></span> <span class='ocrx_word' id='word_1_13' title='bbox 1073 253 1104 287; x_wconf 92' lang='lat' dir='ltr'><strong>si</strong></span> <span class='ocrx_word' id='word_1_14' title='bbox 1147 250 1275 288; x_wconf 79' lang='lat' dir='ltr'><strong>fetum</strong></span> <span class='ocrx_word' id='word_1_15' title='bbox 1319 265 1394 289; x_wconf 91' lang='lat' dir='ltr'><strong>non</strong></span> 
     </span>
     <span class='ocr_line' id='line_1_6' title="bbox 231 316 441 361; baseline -0.005 -13"><span class='ocrx_word' id='word_1_16' title='bbox 231 316 441 361; x_wconf 80' lang='lat' dir='ltr'><strong>peragant.</strong></span> 
     </span>
    </p>

    <p class='ocr_par' dir='ltr' id='par_1_6' title="bbox 219 371 1398 1762">
     <span class='ocr_line' id='line_1_7' title="bbox 278 371 1394 424; baseline 0.003 -16"><span class='ocrx_word' id='word_1_17' title='bbox 278 372 388 409; x_wconf 88' lang='lat' dir='ltr'><strong>XXI.</strong></span> <span class='ocrx_word' id='word_1_18' title='bbox 418 372 581 408; x_wconf 81' lang='lat' dir='ltr'><strong>Inimica</strong></span> <span class='ocrx_word' id='word_1_19' title='bbox 624 378 664 409; x_wconf 90' lang='lat' dir='ltr'><strong>et</strong></span> <span class='ocrx_word' id='word_1_20' title='bbox 706 371 803 408; x_wconf 89' lang='lat' dir='ltr'><strong>echo</strong></span> <span class='ocrx_word' id='word_1_21' title='bbox 845 378 905 409; x_wconf 88' lang='lat' dir='ltr'><strong>est</strong></span> <span class='ocrx_word' id='word_1_22' title='bbox 946 372 1154 410; x_wconf 77' lang='lat' dir='ltr'>resultanti</span> <span class='ocrx_word' id='word_1_23' title='bbox 1195 387 1289 410; x_wconf 91' lang='lat' dir='ltr'><strong>sono</strong></span> <span class='ocrx_word' id='word_1_24' title='bbox 1330 378 1394 424; x_wconf 91' lang='lat' dir='ltr'><strong>qui</strong></span> 
     </span>
     <span class='ocr_line' id='line_1_8' title="bbox 227 433 1394 483; baseline 0.002 -13"><span class='ocrx_word' id='word_1_25' title='bbox 227 434 389 483; x_wconf 83' lang='lat' dir='ltr'><strong>pavidas</strong></span> <span class='ocrx_word' id='word_1_26' title='bbox 430 433 584 470; x_wconf 84' lang='lat' dir='ltr'><strong>alterno</strong></span> <span class='ocrx_word' id='word_1_27' title='bbox 625 433 755 483; x_wconf 87' lang='lat' dir='ltr'><strong>pulset</strong></span> <span class='ocrx_word' id='word_1_28' title='bbox 796 436 901 477; x_wconf 84' lang='lat' dir='ltr'><strong>ictu3</strong></span> <span class='ocrx_word' id='word_1_29' title='bbox 959 436 1115 471; x_wconf 87' lang='lat' dir='ltr'><strong>inimica</strong></span> <span class='ocrx_word' id='word_1_30' title='bbox 1157 440 1198 471; x_wconf 88' lang='lat' dir='ltr'><strong>et</strong></span> <span class='ocrx_word' id='word_1_31' title='bbox 1238 436 1394 472; x_wconf 88' lang='lat' dir='ltr'><strong>nebula.</strong></span> 
     </span>
     <span class='ocr_line' id='line_1_9' title="bbox 226 494 1397 545; baseline 0.002 -14"><span class='ocrx_word' id='word_1_32' title='bbox 226 498 361 532; x_wconf 87' lang='lat' dir='ltr'><strong>aranei</strong></span> <span class='ocrx_word' id='word_1_33' title='bbox 378 508 536 545; x_wconf 88' lang='lat' dir='ltr'><strong>quoque</strong></span> <span class='ocrx_word' id='word_1_34' title='bbox 554 494 617 531; x_wconf 91' lang='lat' dir='ltr'><strong>vel</strong></span> <span class='ocrx_word' id='word_1_35' title='bbox 632 497 805 531; x_wconf 80' lang='lat' dir='ltr'>maxime</span> <span class='ocrx_word' id='word_1_36' title='bbox 822 494 983 531; x_wconf 77' lang='lat' dir='ltr'>hostiles</span> <span class='ocrx_word' id='word_1_37' title='bbox 998 509 1006 531; x_wconf 70' lang='grc' dir='ltr'>ε</span> <span class='ocrx_word' id='word_1_38' title='bbox 1036 509 1126 532; x_wconf 90' lang='lat' dir='ltr'><strong>cum</strong></span> <span class='ocrx_word' id='word_1_39' title='bbox 1142 496 1397 545; x_wconf 81' lang='lat' dir='ltr'><strong>praevaluere</strong></span> 
     </span>
     <span class='ocr_line' id='line_1_10' title="bbox 227 556 1395 606; baseline 0.002 -14"><span class='ocrx_word' id='word_1_40' title='bbox 227 562 271 593; x_wconf 85' lang='lat' dir='ltr'><strong>ut</strong></span> <span class='ocrx_word' id='word_1_41' title='bbox 320 559 519 600; x_wconf 79' lang='lat' dir='ltr'><strong>intexant,</strong></span> <span class='ocrx_word' id='word_1_42' title='bbox 568 562 738 593; x_wconf 84' lang='lat' dir='ltr'><strong>enecant</strong></span> <span class='ocrx_word' id='word_1_43' title='bbox 780 556 898 593; x_wconf 85' lang='lat' dir='ltr'><strong>alvos.</strong></span> <span class='ocrx_word' id='word_1_44' title='bbox 941 556 1087 606; x_wconf 85' lang='lat' dir='ltr'><strong>papilio</strong></span> <span class='ocrx_word' id='word_1_45' title='bbox 1129 560 1265 601; x_wconf 87' lang='lat' dir='ltr'><strong>etiam,</strong></span> <span class='ocrx_word' id='word_1_46' title='bbox 1306 557 1395 595; x_wconf 88' lang='lat' dir='ltr'><strong>hicl</strong></span> 
     </span>
     <span class='ocr_line' id='line_1_11' title="bbox 226 617 1396 668; baseline 0.002 -14"><span class='ocrx_word' id='word_1_47' title='bbox 226 621 390 668; x_wconf 81' lang='lat' dir='ltr'><strong>ignavus</strong></span> <span class='ocrx_word' id='word_1_48' title='bbox 407 624 448 654; x_wconf 86' lang='lat' dir='ltr'><strong>et</strong></span> <span class='ocrx_word' id='word_1_49' title='bbox 462 617 720 654; x_wconf 85' lang='lat' dir='ltr'><strong>inhonoratus</strong></span> <span class='ocrx_word' id='word_1_50' title='bbox 740 618 951 654; x_wconf 86' lang='lat' dir='ltr'><strong>luminibus</strong></span> <span class='ocrx_word' id='word_1_51' title='bbox 971 621 1144 655; x_wconf 77' lang='lat' dir='ltr'><strong>accensis</strong></span> <span class='ocrx_word' id='word_1_52' title='bbox 1164 618 1396 663; x_wconf 79' lang='lat' dir='ltr'><strong>advolitans,</strong></span> 
     </span>
     <span class='ocr_line' id='line_1_12' title="bbox 226 678 1398 729; baseline 0.002 -14"><span class='ocrx_word' id='word_1_53' title='bbox 226 678 405 728; x_wconf 83' lang='lat' dir='ltr'><strong>pestifer,</strong></span> <span class='ocrx_word' id='word_1_54' title='bbox 424 692 497 716; x_wconf 90' lang='lat' dir='ltr'><strong>nec</strong></span> <span class='ocrx_word' id='word_1_55' title='bbox 517 692 596 716; x_wconf 91' lang='lat' dir='ltr'><strong>uno</strong></span> <span class='ocrx_word' id='word_1_56' title='bbox 615 679 746 723; x_wconf 86' lang='lat' dir='ltr'><strong>modo,</strong></span> <span class='ocrx_word' id='word_1_57' title='bbox 766 692 859 715; x_wconf 86' lang='lat' dir='ltr'><strong>nam</strong></span> <span class='ocrx_word' id='word_1_58' title='bbox 879 685 920 716; x_wconf 89' lang='lat' dir='ltr'><strong>et</strong></span> <span class='ocrx_word' id='word_1_59' title='bbox 940 682 1023 728; x_wconf 90' lang='lat' dir='ltr'><strong>ipse</strong></span> <span class='ocrx_word' id='word_1_60' title='bbox 1043 692 1153 716; x_wconf 89' lang='lat' dir='ltr'><strong>ceras</strong></span> <span class='ocrx_word' id='word_1_61' title='bbox 1172 680 1398 729; x_wconf 85' lang='lat' dir='ltr'><strong>depascitur</strong></span> 
     </span>
     <span class='ocr_line' id='line_1_13' title="bbox 227 740 1396 793; baseline 0.001 -16"><span class='ocrx_word' id='word_1_62' title='bbox 227 747 268 777; x_wconf 84' lang='lat' dir='ltr'><strong>et</strong></span> <span class='ocrx_word' id='word_1_63' title='bbox 307 740 496 790; x_wconf 88' lang='lat' dir='ltr'><strong>relinquit</strong></span> <span class='ocrx_word' id='word_1_64' title='bbox 536 746 793 777; x_wconf 87' lang='lat' dir='ltr'><strong>excrementa</strong></span> <span class='ocrx_word' id='word_1_65' title='bbox 833 753 854 777; x_wconf 90' lang='lat' dir='ltr'><strong>e</strong></span> <span class='ocrx_word' id='word_1_66' title='bbox 894 741 1036 790; x_wconf 88' lang='lat' dir='ltr'><strong>quibus</strong></span> <span class='ocrx_word' id='word_1_67' title='bbox 1074 741 1275 778; x_wconf 81' lang='lat' dir='ltr'><strong>teredines</strong></span> <span class='ocrx_word' id='word_1_68' title='bbox 1312 745 1396 793; x_wconf 85' lang='lat' dir='ltr'><strong>gig—</strong></span> 
     </span>
     <span class='ocr_line' id='line_1_14' title="bbox 225 802 1396 852; baseline 0.003 -14"><span class='ocrx_word' id='word_1_69' title='bbox 225 808 395 845; x_wconf 82' lang='lat' dir='ltr'><strong>nuntur3</strong></span> <span class='ocrx_word' id='word_1_70' title='bbox 448 802 513 838; x_wconf 88' lang='lat' dir='ltr'><strong>fila</strong></span> <span class='ocrx_word' id='word_1_71' title='bbox 551 805 673 839; x_wconf 87' lang='lat' dir='ltr'><strong>etiam</strong></span> <span class='ocrx_word' id='word_1_72' title='bbox 711 815 915 847; x_wconf 82' lang='lat' dir='ltr'><strong>araneosa,</strong></span> <span class='ocrx_word' id='word_1_73' title='bbox 943 815 1193 852; x_wconf 88' lang='lat' dir='ltr'><strong>quacumque</strong></span> <span class='ocrx_word' id='word_1_74' title='bbox 1225 805 1396 848; x_wconf 85' lang='lat' dir='ltr'><strong>incessit,</strong></span> 
     </span>
     <span class='ocr_line' id='line_1_15' title="bbox 227 863 1395 913; baseline 0.001 -13"><span class='ocrx_word' id='word_1_75' title='bbox 227 864 379 900; x_wconf 82' lang='lat' dir='ltr'><strong>alarum</strong></span> <span class='ocrx_word' id='word_1_76' title='bbox 405 866 579 900; x_wconf 82' lang='lat' dir='ltr'><strong>maxime</strong></span> <span class='ocrx_word' id='word_1_77' title='bbox 605 863 795 913; x_wconf 79' lang='lat' dir='ltr'><strong>lanugine</strong></span> <span class='ocrx_word' id='word_1_78' title='bbox 823 864 991 900; x_wconf 79' lang='lat' dir='ltr'><strong>obtexit.</strong></span> <span class='ocrx_word' id='word_1_79' title='bbox 1046 870 1261 901; x_wconf 88' lang='lat' dir='ltr'><strong>nascuntur</strong></span> <span class='ocrx_word' id='word_1_80' title='bbox 1289 870 1330 902; x_wconf 92' lang='lat' dir='ltr'><strong>et</strong></span> <span class='ocrx_word' id='word_1_81' title='bbox 1356 868 1395 901; x_wconf 93' lang='lat' dir='ltr'><strong>in</strong></span> 
     </span>
     <span class='ocr_line' id='line_1_16' title="bbox 226 925 1394 975; baseline 0.002 -14"><span class='ocrx_word' id='word_1_82' title='bbox 226 928 309 974; x_wconf 94' lang='lat' dir='ltr'><strong>ipso</strong></span> <span class='ocrx_word' id='word_1_83' title='bbox 331 925 439 975; x_wconf 85' lang='lat' dir='ltr'><strong>ligno</strong></span> <span class='ocrx_word' id='word_1_84' title='bbox 462 925 664 962; x_wconf 88' lang='lat' dir='ltr'><strong>teredines</strong></span> <span class='ocrx_word' id='word_1_85' title='bbox 689 938 792 975; x_wconf 90' lang='lat' dir='ltr'><strong>quae</strong></span> <span class='ocrx_word' id='word_1_86' title='bbox 815 938 925 961; x_wconf 81' lang='lat' dir='ltr'><strong>ceras</strong></span> <span class='ocrx_word' id='word_1_87' title='bbox 949 928 1162 974; x_wconf 87' lang='lat' dir='ltr'><strong>praecipue</strong></span> <span class='ocrx_word' id='word_1_88' title='bbox 1186 926 1394 975; x_wconf 85' lang='lat' dir='ltr'><strong>adpetunt.</strong></span> 
     </span>
     <span class='ocr_line' id='line_1_17' title="bbox 224 986 1396 1036; baseline 0.002 -13"><span class='ocrx_word' id='word_1_89' title='bbox 224 986 390 1023; x_wconf 83' lang='lat' dir='ltr'><strong>infestat</strong></span> <span class='ocrx_word' id='word_1_90' title='bbox 424 992 465 1023; x_wconf 92' lang='lat' dir='ltr'><strong>et</strong></span> <span class='ocrx_word' id='word_1_91' title='bbox 499 987 666 1023; x_wconf 77' lang='lat' dir='ltr'><strong>aviditas</strong></span> <span class='ocrx_word' id='word_1_92' title='bbox 699 992 850 1036; x_wconf 79' lang='lat' dir='ltr'><strong>pastus,</strong></span> <span class='ocrx_word' id='word_1_93' title='bbox 883 989 1003 1022; x_wconf 90' lang='lat' dir='ltr'><strong>nimia</strong></span> <span class='ocrx_word' id='word_1_94' title='bbox 1036 986 1175 1023; x_wconf 89' lang='lat' dir='ltr'><strong>florum</strong></span> <span class='ocrx_word' id='word_1_95' title='bbox 1206 989 1396 1025; x_wconf 84' lang='lat' dir='ltr'><strong>satietate</strong></span> 
     </span>
     <span class='ocr_line' id='line_1_18' title="bbox 226 1047 1395 1098; baseline 0.002 -14"><span class='ocrx_word' id='word_1_96' title='bbox 226 1061 345 1084; x_wconf 90' lang='lat' dir='ltr'><strong>verno</strong></span> <span class='ocrx_word' id='word_1_97' title='bbox 366 1061 553 1084; x_wconf 83' lang='lat' dir='ltr'><strong>maxume</strong></span> <span class='ocrx_word' id='word_1_98' title='bbox 574 1054 755 1097; x_wconf 87' lang='lat' dir='ltr'><strong>tempore</strong></span> <span class='ocrx_word' id='word_1_99' title='bbox 777 1047 864 1084; x_wconf 79' lang='lat' dir='ltr'><strong>alvo</strong></span> <span class='ocrx_word' id='word_1_100' title='bbox 885 1051 976 1084; x_wconf 80' lang='lat' dir='ltr'><strong>cita.</strong></span> <span class='ocrx_word' id='word_1_101' title='bbox 1029 1047 1116 1084; x_wconf 89' lang='lat' dir='ltr'><strong>oleo</strong></span> <span class='ocrx_word' id='word_1_102' title='bbox 1138 1048 1299 1098; x_wconf 88' lang='lat' dir='ltr'><strong>quidem</strong></span> <span class='ocrx_word' id='word_1_103' title='bbox 1318 1062 1395 1086; x_wconf 91' lang='lat' dir='ltr'><strong>non</strong></span> 
     </span>
     <span class='ocr_line' id='line_1_19' title="bbox 224 1109 1396 1159; baseline 0.001 -13"><span class='ocrx_word' id='word_1_104' title='bbox 224 1123 318 1159; x_wconf 87' lang='lat' dir='ltr'><strong>apes</strong></span> <span class='ocrx_word' id='word_1_105' title='bbox 338 1115 499 1146; x_wconf 84' lang='lat' dir='ltr'><strong>tantum</strong></span> <span class='ocrx_word' id='word_1_106' title='bbox 520 1109 591 1146; x_wconf 89' lang='lat' dir='ltr'><strong>sed</strong></span> <span class='ocrx_word' id='word_1_107' title='bbox 611 1113 743 1146; x_wconf 86' lang='lat' dir='ltr'><strong>omnia</strong></span> <span class='ocrx_word' id='word_1_108' title='bbox 763 1112 915 1145; x_wconf 79' lang='lat' dir='ltr'><strong>insecta</strong></span> <span class='ocrx_word' id='word_1_109' title='bbox 936 1112 1229 1151; x_wconf 85' lang='lat' dir='ltr'><strong>exanimantur,</strong></span> <span class='ocrx_word' id='word_1_110' title='bbox 1249 1114 1396 1159; x_wconf 87' lang='lat' dir='ltr'><strong>praeci-</strong></span> 
     </span>
     <span class='ocr_line' id='line_1_20' title="bbox 225 1171 1396 1221; baseline 0.001 -13"><span class='ocrx_word' id='word_1_111' title='bbox 225 1184 304 1221; x_wconf 92' lang='lat' dir='ltr'><strong>pue</strong></span> <span class='ocrx_word' id='word_1_112' title='bbox 327 1174 358 1208; x_wconf 91' lang='lat' dir='ltr'><strong>si</strong></span> <span class='ocrx_word' id='word_1_113' title='bbox 380 1173 512 1221; x_wconf 82' lang='lat' dir='ltr'><strong>capite</strong></span> <span class='ocrx_word' id='word_1_114' title='bbox 536 1177 656 1208; x_wconf 91' lang='lat' dir='ltr'><strong>uncto</strong></span> <span class='ocrx_word' id='word_1_115' title='bbox 679 1174 719 1207; x_wconf 94' lang='lat' dir='ltr'><strong>in</strong></span> <span class='ocrx_word' id='word_1_116' title='bbox 741 1171 822 1207; x_wconf 92' lang='lat' dir='ltr'><strong>sole</strong></span> <span class='ocrx_word' id='word_1_117' title='bbox 851 1176 1061 1220; x_wconf 84' lang='lat' dir='ltr'><strong>ponantur.</strong></span> <span class='ocrx_word' id='word_1_118' title='bbox 1115 1171 1327 1220; x_wconf 88' lang='lat' dir='ltr'><strong>aliquando</strong></span> <span class='ocrx_word' id='word_1_119' title='bbox 1355 1178 1396 1209; x_wconf 88' lang='lat' dir='ltr'><strong>et</strong></span> 
     </span>
     <span class='ocr_line' id='line_1_21' title="bbox 224 1232 1396 1282; baseline 0.001 -13"><span class='ocrx_word' id='word_1_120' title='bbox 224 1235 333 1282; x_wconf 88' lang='lat' dir='ltr'><strong>ipsae</strong></span> <span class='ocrx_word' id='word_1_121' title='bbox 368 1232 609 1269; x_wconf 76' lang='lat' dir='ltr'><strong>contrahunt</strong></span> <span class='ocrx_word' id='word_1_122' title='bbox 646 1235 783 1269; x_wconf 88' lang='lat' dir='ltr'><strong>mortis</strong></span> <span class='ocrx_word' id='word_1_123' title='bbox 819 1233 890 1269; x_wconf 88' lang='lat' dir='ltr'><strong>sibi</strong></span> <span class='ocrx_word' id='word_1_124' title='bbox 926 1245 1078 1275; x_wconf 87' lang='lat' dir='ltr'><strong>causas,</strong></span> <span class='ocrx_word' id='word_1_125' title='bbox 1113 1245 1203 1269; x_wconf 87' lang='lat' dir='ltr'><strong>cum</strong></span> <span class='ocrx_word' id='word_1_126' title='bbox 1238 1246 1396 1270; x_wconf 90' lang='lat' dir='ltr'><strong>sensere</strong></span> 
     </span>
     <span class='ocr_line' id='line_1_22' title="bbox 224 1294 1395 1344; baseline 0.002 -14"><span class='ocrx_word' id='word_1_127' title='bbox 224 1297 342 1331; x_wconf 84' lang='lat' dir='ltr'><strong>eximi</strong></span> <span class='ocrx_word' id='word_1_128' title='bbox 376 1294 512 1338; x_wconf 80' lang='lat' dir='ltr'><strong>mella,</strong></span> <span class='ocrx_word' id='word_1_129' title='bbox 539 1294 653 1330; x_wconf 79' lang='lat' dir='ltr'><strong>avide</strong></span> <span class='ocrx_word' id='word_1_130' title='bbox 688 1300 885 1337; x_wconf 84' lang='lat' dir='ltr'><strong>vorantes,</strong></span> <span class='ocrx_word' id='word_1_131' title='bbox 912 1299 1047 1330; x_wconf 81' lang='lat' dir='ltr'><strong>cetero</strong></span> <span class='ocrx_word' id='word_1_132' title='bbox 1080 1307 1320 1344; x_wconf 85' lang='lat' dir='ltr'><strong>praeparcae</strong></span> <span class='ocrx_word' id='word_1_133' title='bbox 1355 1301 1395 1332; x_wconf 90' lang='lat' dir='ltr'><strong>et</strong></span> 
     </span>
     <span class='ocr_line' id='line_1_23' title="bbox 224 1355 1395 1406; baseline 0.001 -14"><span class='ocrx_word' id='word_1_134' title='bbox 224 1369 326 1405; x_wconf 89' lang='lat' dir='ltr'><strong>quae</strong></span> <span class='ocrx_word' id='word_1_135' title='bbox 359 1355 505 1405; x_wconf 86' lang='lat' dir='ltr'><strong>alioqui</strong></span> <span class='ocrx_word' id='word_1_136' title='bbox 535 1355 720 1406; x_wconf 84' lang='lat' dir='ltr'><strong>prodigas</strong></span> <span class='ocrx_word' id='word_1_137' title='bbox 752 1361 874 1405; x_wconf 87' lang='lat' dir='ltr'><strong>atque</strong></span> <span class='ocrx_word' id='word_1_138' title='bbox 908 1355 1049 1392; x_wconf 90' lang='lat' dir='ltr'><strong>edaces</strong></span> <span class='ocrx_word' id='word_1_139' title='bbox 1087 1369 1165 1392; x_wconf 91' lang='lat' dir='ltr'><strong>non</strong></span> <span class='ocrx_word' id='word_1_140' title='bbox 1202 1369 1314 1393; x_wconf 90' lang='lat' dir='ltr'><strong>secus</strong></span> <span class='ocrx_word' id='word_1_141' title='bbox 1351 1370 1395 1394; x_wconf 86' lang='lat' dir='ltr'><strong>ac</strong></span> 
     </span>
     <span class='ocr_line' id='line_1_24' title="bbox 222 1417 1396 1467; baseline 0.001 -14"><span class='ocrx_word' id='word_1_142' title='bbox 222 1421 354 1467; x_wconf 85' lang='lat' dir='ltr'><strong>pigras</strong></span> <span class='ocrx_word' id='word_1_143' title='bbox 379 1423 420 1454; x_wconf 91' lang='lat' dir='ltr'><strong>et</strong></span> <span class='ocrx_word' id='word_1_144' title='bbox 444 1420 606 1467; x_wconf 79' lang='lat' dir='ltr'><strong>ignavas</strong></span> <span class='ocrx_word' id='word_1_145' title='bbox 631 1417 880 1466; x_wconf 81' lang='lat' dir='ltr'><strong>proturbent.</strong></span> <span class='ocrx_word' id='word_1_146' title='bbox 936 1423 1080 1453; x_wconf 91' lang='lat' dir='ltr'><strong>nocent</strong></span> <span class='ocrx_word' id='word_1_147' title='bbox 1109 1423 1150 1453; x_wconf 92' lang='lat' dir='ltr'><strong>et</strong></span> <span class='ocrx_word' id='word_1_148' title='bbox 1178 1431 1249 1454; x_wconf 92' lang='lat' dir='ltr'><strong>sua</strong></span> <span class='ocrx_word' id='word_1_149' title='bbox 1276 1417 1396 1455; x_wconf 89' lang='lat' dir='ltr'><strong>mella</strong></span> 
     </span>
     <span class='ocr_line' id='line_1_25' title="bbox 221 1478 1395 1528; baseline 0.001 -13"><span class='ocrx_word' id='word_1_150' title='bbox 221 1481 328 1528; x_wconf 89' lang='lat' dir='ltr'><strong>ipsis,</strong></span> <span class='ocrx_word' id='word_1_151' title='bbox 364 1478 582 1528; x_wconf 85' lang='lat' dir='ltr'><strong>inlitaeque</strong></span> <span class='ocrx_word' id='word_1_152' title='bbox 620 1479 670 1514; x_wconf 90' lang='lat' dir='ltr'><strong>ab</strong></span> <span class='ocrx_word' id='word_1_153' title='bbox 704 1491 840 1515; x_wconf 84' lang='lat' dir='ltr'><strong>aversa</strong></span> <span class='ocrx_word' id='word_1_154' title='bbox 885 1484 999 1527; x_wconf 80' lang='lat' dir='ltr'><strong>parte</strong></span> <span class='ocrx_word' id='word_1_155' title='bbox 1048 1481 1279 1515; x_wconf 88' lang='lat' dir='ltr'><strong>moriuntur.</strong></span> <span class='ocrx_word' id='word_1_156' title='bbox 1332 1485 1395 1516; x_wconf 87' lang='lat' dir='ltr'><strong>tot</strong></span> 
     </span>
     <span class='ocr_line' id='line_1_26' title="bbox 221 1539 1394 1590; baseline 0.001 -14"><span class='ocrx_word' id='word_1_157' title='bbox 221 1539 414 1584; x_wconf 79' lang='lat' dir='ltr'><strong>hostibus,</strong></span> <span class='ocrx_word' id='word_1_158' title='bbox 442 1546 505 1576; x_wconf 80' lang='lat' dir='ltr'><strong>tot</strong></span> <span class='ocrx_word' id='word_1_159' title='bbox 536 1541 785 1576; x_wconf 81' lang='lat' dir='ltr'><strong>casibus—et</strong></span> <span class='ocrx_word' id='word_1_160' title='bbox 815 1546 978 1590; x_wconf 82' lang='lat' dir='ltr'><strong>quotam</strong></span> <span class='ocrx_word' id='word_1_161' title='bbox 1007 1543 1230 1589; x_wconf 85' lang='lat' dir='ltr'><strong>portionem</strong></span> <span class='ocrx_word' id='word_1_162' title='bbox 1260 1553 1394 1577; x_wconf 88' lang='lat' dir='ltr'><strong>eorum</strong></span> 
     </span>
     <span class='ocr_line' id='line_1_27' title="bbox 220 1601 1393 1650; baseline 0.001 -12"><span class='ocrx_word' id='word_1_163' title='bbox 220 1615 485 1639; x_wconf 89' lang='lat' dir='ltr'><strong>commemoro</strong></span> <span class='ocrx_word' id='word_1_164' title='bbox 498 1601 649 1638; x_wconf 81' lang='lat' dir='ltr'><strong>?—tam</strong></span> <span class='ocrx_word' id='word_1_165' title='bbox 668 1602 896 1638; x_wconf 88' lang='lat' dir='ltr'><strong>munificum</strong></span> <span class='ocrx_word' id='word_1_166' title='bbox 917 1601 1063 1637; x_wconf 85' lang='lat' dir='ltr'><strong>animal</strong></span> <span class='ocrx_word' id='word_1_167' title='bbox 1079 1605 1303 1650; x_wconf 85' lang='lat' dir='ltr'><strong>expositum</strong></span> <span class='ocrx_word' id='word_1_168' title='bbox 1321 1608 1393 1639; x_wconf 92' lang='lat' dir='ltr'><strong>est.</strong></span> 
     </span>
     <span class='ocr_line' id='line_1_28' title="bbox 220 1663 1395 1705; baseline 0.001 -5"><span class='ocrx_word' id='word_1_169' title='bbox 220 1663 395 1700; x_wconf 83' lang='lat' dir='ltr'><strong>remedia</strong></span> <span class='ocrx_word' id='word_1_170' title='bbox 427 1663 602 1700; x_wconf 89' lang='lat' dir='ltr'><strong>dicemus</strong></span> <span class='ocrx_word' id='word_1_171' title='bbox 635 1665 713 1700; x_wconf 87' lang='lat' dir='ltr'><strong>suis</strong></span> <span class='ocrx_word' id='word_1_172' title='bbox 752 1663 867 1705; x_wconf 81' lang='lat' dir='ltr'><strong>locis3</strong></span> <span class='ocrx_word' id='word_1_173' title='bbox 913 1676 1016 1699; x_wconf 88' lang='lat' dir='ltr'><strong>nunc</strong></span> <span class='ocrx_word' id='word_1_174' title='bbox 1049 1665 1152 1699; x_wconf 87' lang='lat' dir='ltr'><strong>enim</strong></span> <span class='ocrx_word' id='word_1_175' title='bbox 1185 1676 1313 1700; x_wconf 91' lang='lat' dir='ltr'><strong>sermo</strong></span> <span class='ocrx_word' id='word_1_176' title='bbox 1345 1664 1395 1702; x_wconf 87' lang='lat' dir='ltr'><strong>de</strong></span> 
     </span>
     <span class='ocr_line' id='line_1_29' title="bbox 219 1731 453 1762; baseline 0.004 -2"><span class='ocrx_word' id='word_1_177' title='bbox 219 1731 362 1761; x_wconf 83' lang='lat' dir='ltr'><strong>natura</strong></span> <span class='ocrx_word' id='word_1_178' title='bbox 380 1731 453 1762; x_wconf 88' lang='lat' dir='ltr'><strong>est.</strong></span> 
     </span>
    </p>
   </div>
   <div class='ocr_carea' id='block_1_6' title="bbox 689 1803 927 1833">
    <p class='ocr_par' dir='ltr' id='par_1_7' title="bbox 689 1803 927 1833">
     <span class='ocr_line' id='line_1_30' title="bbox 689 1803 927 1833; baseline 0.004 -1"><span class='ocrx_word' id='word_1_179' title='bbox 689 1803 701 1822; x_wconf 88' lang='lat'>¹</span> <span class='ocrx_word' id='word_1_180' title='bbox 724 1803 778 1833; x_wconf 82' lang='lat' dir='ltr'><strong>hjc</strong></span> <span class='ocrx_word' id='word_1_181' title='bbox 794 1813 858 1833; x_wconf 80' lang='lat' dir='ltr'><strong>om.</strong></span> <span class='ocrx_word' id='word_1_182' title='bbox 877 1803 927 1833; x_wconf 60' lang='lat' dir='ltr'><strong>tul.</strong></span> 
     </span>
    </p>
   </div>
   <div class='ocr_carea' id='block_1_7' title="bbox 263 1921 1392 2004">
    <p class='ocr_par' dir='ltr' id='par_1_8' title="bbox 263 1921 1392 2004">
     <span class='ocr_line' id='line_1_31' title="bbox 263 1921 997 1953; baseline -0.004 1"><span class='ocrx_word' id='word_1_183' title='bbox 263 1927 277 1942; x_wconf 81' lang='lat'><strong>‘²</strong></span> <span class='ocrx_word' id='word_1_184' title='bbox 299 1922 370 1953; x_wconf 87' lang='lat' dir='ltr'><strong>The</strong></span> <span class='ocrx_word' id='word_1_185' title='bbox 387 1922 516 1953; x_wconf 84' lang='lat' dir='ltr'><strong>disease</strong></span> <span class='ocrx_word' id='word_1_186' title='bbox 533 1932 609 1952; x_wconf 85' lang='lat' dir='ltr'><strong>now</strong></span> <span class='ocrx_word' id='word_1_187' title='bbox 627 1921 735 1952; x_wconf 88' lang='lat' dir='ltr'><strong>called</strong></span> <span class='ocrx_word' id='word_1_188' title='bbox 755 1921 761 1932; x_wconf 85' lang='lat'>‘</span> <span class='ocrx_word' id='word_1_189' title='bbox 778 1921 849 1952; x_wconf 80' lang='lat' dir='ltr'><strong>foul</strong></span> <span class='ocrx_word' id='word_1_190' title='bbox 868 1921 997 1952; x_wconf 87' lang='lat' dir='ltr'><strong>brood.⁷</strong></span> 
     </span>
     <span class='ocr_line' id='line_1_32' title="bbox 264 1963 1392 2004; baseline 0 -8"><span class='ocrx_word' id='word_1_191' title='bbox 264 1965 276 1983; x_wconf 73' lang='lat'><em>⁶</em></span> <span class='ocrx_word' id='word_1_192' title='bbox 299 1965 437 2004; x_wconf 80' lang='lat' dir='ltr'><strong>Papilio</strong></span> <span class='ocrx_word' id='word_1_193' title='bbox 466 1964 616 1995; x_wconf 85' lang='lat' dir='ltr'><strong>includes</strong></span> <span class='ocrx_word' id='word_1_194' title='bbox 643 1964 774 1999; x_wconf 79' lang='lat' dir='ltr'><strong>moths;</strong></span> <span class='ocrx_word' id='word_1_195' title='bbox 810 1963 887 1994; x_wconf 85' lang='lat' dir='ltr'><strong>here</strong></span> <span class='ocrx_word' id='word_1_196' title='bbox 911 1964 938 1994; x_wconf 73' lang='lat' dir='ltr'><strong>it</strong></span> <span class='ocrx_word' id='word_1_197' title='bbox 965 1974 1081 1994; x_wconf 82' lang='lat' dir='ltr'><strong>means</strong></span> <span class='ocrx_word' id='word_1_198' title='bbox 1105 1963 1164 1994; x_wconf 77' lang='lat' dir='ltr'><strong>the</strong></span> <span class='ocrx_word' id='word_1_199' title='bbox 1191 1965 1392 2004; x_wconf 79' lang='lat' dir='ltr'><strong>pipe-moth,</strong></span> 
     </span>
    </p>
   </div>
   <div class='ocr_carea' id='block_1_8' title="bbox 218 2007 715 2039">
    <p class='ocr_par' dir='ltr' id='par_1_9' title="bbox 218 2007 715 2039">
     <span class='ocr_line' id='line_1_33' title="bbox 218 2007 715 2039; baseline -0.002 -1"><span class='ocrx_word' id='word_1_200' title='bbox 218 2007 327 2038; x_wconf 83' lang='lat' dir='ltr'><strong>which</strong></span> <span class='ocrx_word' id='word_1_201' title='bbox 346 2008 463 2039; x_wconf 83' lang='lat' dir='ltr'><strong>breeds</strong></span> <span class='ocrx_word' id='word_1_202' title='bbox 481 2008 515 2038; x_wconf 89' lang='lat' dir='ltr'><strong>in</strong></span> <span class='ocrx_word' id='word_1_203' title='bbox 534 2007 715 2038; x_wconf 70' lang='lat' dir='ltr'><strong>bee-hives,</strong></span> 
     </span>
    </p>
   </div>
   <div class='ocr_carea' id='block_1_9' title="bbox 218 2080 287 2116">
    <p class='ocr_par' dir='ltr' id='par_1_10' title="bbox 218 2080 287 2116">
     <span class='ocr_line' id='line_1_34' title="bbox 218 2080 287 2116; baseline 0.029 -2"><span class='ocrx_word' id='word_1_204' title='bbox 218 2080 287 2116; x_wconf 84' lang='lat'><strong>472</strong></span> 
     </span>
    </p>
   </div>
  </div>
 </body>
</html>
