1482 2312
146 259 188 289 94

147 815 187 845 95

146 1371 188 1402 96

414 149 601 187 PLINY:
654 150 917 188 NATURAL
955 151 1191 188 HISTORY

215 259 363 290 canunt
397 253 579 298 achetae,
614 259 659 290 ut
693 254 882 291 dicemus.
938 254 988 291 de
1017 260 1152 291 cetero
1181 256 1220 290 in
1250 259 1388 291 ventre

216 314 308 351 nihil
344 321 417 352 est.
473 318 674 352 excitatae
708 329 798 352 cum
832 315 1056 359 subvolant,
1092 329 1269 353 umorem
1304 316 1390 353 red-

215 377 328 421 dunt,
367 377 472 427 quod
509 378 634 414 solum
671 383 955 428 argumentum
993 383 1054 414 est
1090 391 1177 415 rore
1215 391 1281 414 eas
1318 377 1390 421 ali3

215 439 340 475 isdem
367 439 456 476 solis
483 439 634 476 nullum
655 440 705 476 ad
726 445 984 476 excrementa
1004 442 1176 489 corporis
1196 439 1388 476 foramen.

215 501 334 537 oculis
351 507 434 538 tam
456 501 623 538 hebetes
644 508 704 546 ut,
724 504 754 538 si
779 504 865 551 quis
889 501 1060 552 digitum
1083 501 1322 538 contrahens
1345 514 1389 538 ac

216 566 423 600 rcmittens
458 563 752 613 adpropinquet
787 566 846 608 iis,
881 569 1089 601 transeant
1123 563 1233 600 velut
1267 562 1390 600 folio1

218 624 411 661 ludente.‘-'
465 626 628 675 quidam
658 626 736 662 duo
768 626 843 661 alia
872 639 1021 675 genera
1055 625 1206 662 faciunt
1241 639 1391 669 earum,

215 686 470 723 surculariam
499 700 602 736 quae
631 689 682 723 sit
709 687 911 737 grandior,
940 687 1242 723 frumentariam
1271 700 1388 736 quam

215 747 277 784 alii
320 750 546 784 avenariam
586 754 751 785 vocant:
811 754 979 798 apparet
1014 751 1119 785 enim
1152 748 1267 785 simul
1300 761 1389 785 cum

215 808 424 846 frumentis
465 810 749 846 arescentibus.
806 810 965 846 cicadae
996 823 1074 846 non
1105 815 1322 846 nascuntur
1351 812 1390 845 in

214 873 379 908 raritate
418 871 800 908 arborum-idcirco
838 884 915 907 non
954 877 1045 907 sunt
1084 871 1249 921 Cyrenis
1287 870 1391 907 nisi²3

214 935 317 969 circa
346 933 664 982 oppidum—nec
698 936 736 969 in
771 936 919 982 campis
955 947 1027 969 nec
1062 935 1102 969 in
1136 932 1288 983 frigidis
1322 938 1392 970 aut

217 995 407 1031 umbrosis
440 995 679 1031 nemoribus.
736 1000 797 1031 est
828 995 1026 1044 quaedam
1057 1000 1099 1031 et
1129 993 1187 1031 his
1218 994 1392 1031 locorum

215 1055 462 1092 differentia:
498 1058 537 1092 in
560 1056 719 1093 Milesia
740 1059 901 1106 regione
923 1059 1058 1106 paucis
1079 1062 1172 1092 sunt
1193 1055 1300 1100 locis,
1321 1055 1391 1093 sed

216 1119 253 1153 in
284 1116 542 1167 Cephallania
572 1120 698 1154 amnis
728 1118 889 1167 quidam
919 1120 1152 1167 paenuriam
1182 1130 1318 1154 earum
1348 1123 1390 1154 et

214 1182 369 1229 copiam
386 1180 533 1216 dirimit
549 1192 557 1222 3
589 1186 630 1216 at
647 1182 685 1216 in
703 1179 857 1229 Regino
874 1193 969 1229 agro
985 1179 1103 1216 silent
1120 1193 1271 1223 omnes,
1287 1179 1391 1215 ultra

216 1241 362 1278 flumen
394 1244 433 1277 in
462 1241 647 1278 Locrensi
682 1248 843 1278 canunt.
901 1244 1109 1292 pinnarum
1144 1241 1217 1278 illis
1247 1247 1390 1278 natura

215 1317 318 1354 quae
339 1304 493 1353 apibus,
513 1304 584 1341 sed
603 1318 672 1354 pro
692 1318 854 1354 corpore
876 1304 1052 1353 amplior.

266 1366 460 1402 XXXIII.
492 1366 740 1403 Insectorum
755 1372 891 1403 autem
906 1366 1105 1416 quaedam
1118 1366 1230 1402 binas
1243 1371 1392 1416 gerunt

216 1431 369 1477 pinnas,
408 1434 451 1465 ut
488 1441 661 1471 muscae,
699 1428 897 1478 quaedam
935 1434 1163 1477 quaternas,
1200 1434 1245 1464 ut
1281 1441 1389 1477 apes.

216 1490 455 1526 membranis
497 1496 538 1526 et
579 1490 739 1526 cicadae
781 1490 927 1526 volant.
983 1495 1198 1539 quaternas
1239 1488 1390 1525 habent

215 1565 318 1601 quae
344 1552 489 1588 aculeis
515 1554 555 1587 in
580 1552 666 1588 alvo
693 1557 911 1596 armantur,
937 1551 1087 1587 nullum
1112 1553 1174 1588 cui
1199 1551 1326 1587 telum
1350 1553 1389 1587 in

215 1626 281 1650 ore
311 1613 487 1662 pluribus
518 1627 637 1663 quam
667 1614 767 1650 binis
798 1613 957 1650 advolat
987 1615 1138 1663 pinnis:
1182 1612 1254 1649 illis
1284 1615 1389 1650 enim

216 1675 374 1712 ultionis
421 1689 540 1712 causa
587 1675 727 1712 datum
776 1681 850 1719 est,
899 1677 956 1711 his
1005 1675 1218 1711 aviditatis.
1275 1674 1390 1711 nullis

216 1750 352 1774 eorum
402 1740 547 1787 pinnae
600 1740 849 1774 revivescunt
899 1737 1070 1773 avulsae.
1127 1736 1278 1773 nullum
1328 1739 1389 1773 cui

216 1799 375 1836 aculeus
398 1802 437 1836 in
459 1800 546 1836 alvo
568 1800 730 1849 bipinne
753 1805 825 1836 est.

511 1886 521 1904 ¹
546 1886 599 1916 v.l.
615 1885 697 1916 folia
714 1885 763 1924 (in
779 1885 861 1916 folia
877 1885 1100 1924 Hermolaus).

269 1927 279 1945 ²
302 1928 440 1959 ludente
455 1929 530 1959 add.
547 1939 585 1960 ex
601 1928 661 1959 Ar.
680 1928 841 1968 Mayhoff.
943 1928 956 1947 ³
980 1928 1044 1959 nisi
1060 1928 1135 1959 add.
1153 1927 1333 1968 Schlenyer.

735 2036 749 2050 ⁶
774 2033 788 2070 §
803 2032 875 2063 266.

215 2089 285 2124 490
