1482 2312
181 510 222 541 69

444 122 610 161 PLINY
625 137 634 161 ι
685 124 721 161 N
724 124 948 162 ATURAL
984 124 1223 164 HISTORY

249 227 405 264 auribus
433 226 601 277 plumeis
628 227 909 271 eminentibus,
938 227 1042 265 unde
1070 233 1112 265 et
1139 241 1283 266 nomen
1310 229 1415 267 illi—-

254 297 413 347 quidam
455 297 599 334 Latine
639 298 823 334 axionem
861 303 1025 341 vocant3
1074 299 1269 335 imitatrix
1328 299 1422 337 alias

248 368 328 402 avis
349 379 393 402 ac
413 368 587 415 parasita
603 371 645 402 et
661 365 833 415 quodam
848 379 996 416 genere
1013 366 1208 404 saltatrix,
1263 371 1419 419 capitur

248 434 346 471 haut
384 435 593 472 difficulter
632 440 676 471 ut
716 441 900 479 noctuae,
939 438 1138 472 intentam
1176 439 1217 473 in
1244 437 1417 488 aliquem

248 507 518 541 circumeunte
548 505 634 541 alio.
701 504 806 554 quod
835 507 865 541 si
895 511 1036 542 ventus
1074 519 1218 556 agmen
1255 507 1420 545 adverso

248 573 346 610 flatu
385 576 516 623 coepit
556 573 748 617 inhibere,
788 574 1039 624 pondusculis
1075 574 1251 625 lapidum
1280 576 1418 627 adpre-

248 642 380 680 hensis
406 649 476 680 aut
501 649 665 694 gutture
692 643 840 680 harena
867 644 1021 694 repleto
1047 645 1247 682 stabilitae
1274 646 1420 684 volant.

248 714 512 750 coturnicibus
545 715 686 749 veneni
711 726 847 749 semen
871 715 1118 763 gratissimus
1144 715 1268 759 cibus,
1304 729 1423 765 quam

249 783 300 819 ob
352 796 511 819 causam
566 795 631 819 eas
683 782 922 819 damnavere
979 796 1163 828 mensae;
1227 785 1423 836 simulque

248 852 488 889 comitialem
516 858 679 902 propter
707 852 889 888 morbum
918 852 1058 902 despui
1095 859 1269 898 suetum,
1304 867 1423 905 quem

249 921 354 959 solae
375 922 603 958 animalium
624 924 803 958 sentiunt
823 927 983 972 praeter
1006 921 1219 960 hominem.

300 991 485 1028 XXXIV.
516 992 679 1028 Abeunt
701 997 742 1027 et
763 990 991 1028 hirundines
1015 990 1188 1029 hibernis
1209 993 1424 1039 mensibus,

250 1060 331 1097 sola
355 1074 472 1098 carne
499 1074 660 1097 vescens
687 1063 767 1097 avis
793 1074 841 1097 ex
868 1063 914 1097 iis
940 1074 1042 1111 quae
1071 1061 1245 1099 aduncos
1271 1076 1423 1114 ungues

250 1144 327 1167 non
356 1129 529 1174 habent;
573 1130 642 1167 sed
671 1132 711 1166 in
742 1132 867 1166 vicina
897 1131 1047 1167 abeunt
1082 1133 1233 1181 apricos
1262 1138 1424 1170 secutae

250 1202 444 1237 montium
471 1213 661 1243 recessus,
687 1202 954 1249 inventaeque
982 1202 1059 1237 iam
1094 1207 1187 1238 sunt
1213 1202 1266 1238 ibi
1293 1202 1424 1240 nudae

250 1275 371 1319 atque
396 1269 613 1320 deplumes.
667 1269 894 1306 Thebarum
918 1275 1027 1306 tecta
1051 1271 1187 1307 subire
1212 1277 1423 1322 negantur,

251 1342 435 1389 quoniam
465 1340 557 1376 urbs
586 1339 651 1375 illa
680 1341 836 1389 saepius
865 1345 983 1389 capta
1012 1342 1077 1383 sit,
1107 1353 1180 1377 nec
1208 1339 1348 1391 Bizyes
1377 1343 1418 1378 in

250 1408 415 1446 Threcia
430 1415 592 1459 propter
607 1408 755 1446 scelera
770 1409 896 1445 Terei.
953 1408 1126 1446 Caecina
1141 1409 1422 1448 Volaterranus

251 1481 444 1529 equestris
464 1479 608 1515 ordinis
628 1478 909 1529 quadrigarum
929 1478 1111 1515 dominus
1130 1479 1422 1529 conprehensas

250 1550 289 1585 in
322 1550 459 1586 urbem
492 1561 625 1585 secum
658 1547 840 1585 auferens
873 1550 1061 1585 victoriae
1095 1551 1254 1585 nuntias
1287 1551 1422 1587 amicis

250 1619 439 1655 mittebat
457 1620 496 1654 in
515 1617 685 1655 eundem
704 1618 839 1654 nidum
857 1623 1084 1654 remeantes
1102 1618 1215 1655 inlito
1233 1620 1422 1656 victoriae

251 1688 390 1725 colore.
459 1687 582 1725 tradit
612 1693 652 1724 et
685 1687 827 1723 Fabius
860 1685 991 1724 Pictor
1021 1689 1058 1723 in
1093 1687 1299 1724 annalibus
1330 1691 1422 1733 suis,

251 1771 341 1794 cum
367 1757 615 1794 obsideretur
640 1757 879 1806 praesidium
907 1756 1131 1793 Romanum
1158 1770 1181 1793 a
1208 1757 1422 1807 Ligustinis

252 1825 502 1863 hirundinem
523 1840 546 1862 a
565 1826 678 1876 pullis
700 1826 749 1862 ad
770 1839 810 1862 se
833 1825 1023 1870 adlatam,
1043 1831 1088 1862 ut
1109 1825 1187 1863 lino
1209 1826 1259 1863 ad
1278 1826 1422 1877 pedem

623 1992 637 2006 ⁰
659 1987 829 2020 Swallows
848 1990 903 2018 eat
921 1988 1054 2019 insects.

248 2049 320 2099 336
