1482 2312
93 367 151 397 102

91 921 150 951 103

369 119 533 157 PLINY
549 134 557 157 :
607 120 869 158 NATURAL
905 119 1139 157 HISTORY

173 222 300 266 leone,
316 225 380 272 qui
397 225 519 259 etiam
536 225 746 259 victor-suo
762 228 892 265 nocet,
905 222 1016 258 lauro
1030 220 1223 258 infectum
1237 223 1340 256 virus

175 295 385 342 extinguit.

223 361 350 398 XLII.
383 361 496 398 Milia
514 361 526 383 ¹
550 367 773 410 praeterea,
793 366 934 410 utpote
954 373 1044 396 cum
1064 360 1240 409 plurimis
1261 361 1341 394 ani-

175 430 343 467 malibus
368 430 509 467 eadem
535 436 676 466 natura
703 443 830 466 rerum
856 429 955 466 caeli
980 442 1137 478 quoque
1161 429 1342 465 observa-

172 503 323 537 tionem
345 506 386 536 et
409 506 630 543 ventorum,
652 499 850 542 imbrium,
871 504 1162 547 tempestatum
1184 510 1341 547 praesa-

173 572 237 619 gia
259 569 337 605 alia
358 569 435 605 alio
456 569 572 605 modo
594 568 765 609 dederit,
787 568 892 618 quod
913 570 1096 617 persequi
1120 570 1339 604 inmensum

174 644 248 680 est,
289 651 416 688 aeque
463 638 612 675 scilicet
654 651 772 687 quam
816 637 1008 687 reliquam
1049 651 1138 673 cum
1180 636 1342 687 singulis

173 707 373 744 hominum
411 710 657 744 societatem.
713 707 908 756 siquidem
944 712 986 743 et
1022 706 1195 755 pericula
1230 719 1342 755 prae-

173 782 336 814 monent
362 790 440 813 non
463 777 568 813 fibris
589 776 706 813 modo
729 779 926 826 extisque,
946 779 1049 813 circa
1070 775 1176 825 quod
1197 788 1343 825 magna

173 846 399 883 mortalium
422 849 551 895 portio
572 845 726 889 haeret,
747 845 818 882 sed
840 851 881 882 et
897 846 911 869 2
933 845 1010 881 alia
1032 845 1204 895 quadam
1225 846 1342 894 signi-

172 915 366 952 ficatione.
422 918 542 951 ruinis
564 915 848 952 inminentibus
870 914 1035 952 musculi
1056 917 1342 964 praemigrant,

173 987 306 1021 aranei
346 997 435 1021 cum
475 984 566 1021 telis
606 987 720 1033 primi
761 984 922 1021 cadunt.
977 987 1141 1034 auguria
1182 983 1341 1033 quidem

171 1060 299 1090 artem
320 1053 450 1090 fecere
471 1053 576 1103 apud
594 1053 791 1090 Romanos
808 1059 849 1090 et
864 1053 1116 1091 sacerdotum
1131 1053 1341 1103 collegium

172 1123 233 1160 vel
254 1126 426 1160 maxime
446 1123 649 1160 sollemne.
706 1129 766 1160 est
787 1126 891 1160 inter
911 1136 959 1159 ea
973 1123 988 1146 3
1010 1123 1102 1160 locis
1122 1123 1342 1173 rigentibus

171 1199 212 1230 et
244 1193 390 1242 volpes,
421 1193 567 1229 animal
596 1192 742 1242 alioqui
772 1192 949 1229 sollertia
978 1193 1106 1229 dirum
1124 1192 1162 1235 43
1206 1205 1342 1229 amnes

172 1262 328 1313 gelatos
359 1262 547 1312 lacusque
578 1265 730 1299 nonnisi
762 1262 813 1299 ad
845 1265 927 1299 eius
958 1265 1058 1299 itum
1090 1262 1342 1312 reditumque

172 1337 381 1369 transeunt
395 1345 403 1368 ε
432 1332 686 1368 observatum
701 1345 789 1368 eam
804 1345 898 1368 aure
914 1332 965 1368 ad
977 1332 1145 1382 glaciem
1162 1332 1342 1381 adposita

92 1407 152 1437 104
171 1404 395 1438 coniectare
419 1401 721 1438 crassitudinem
745 1401 869 1451 gelus.
925 1401 1076 1438 XLIII.
1108 1401 1190 1438 Nec
1214 1404 1342 1438 minus

171 1471 277 1507 clara
299 1473 408 1507 exitii
430 1471 670 1508 documenta
691 1477 784 1508 sunt
806 1474 928 1508 etiam
950 1474 989 1507 in
1005 1471 1020 1494 ⁵
1040 1470 1342 1508 contemnendis

171 1539 418 1577 animalibus.
476 1540 533 1577 M.
564 1540 687 1577 Varro
718 1546 855 1577 auctor
885 1546 944 1578 est
981 1554 1004 1576 a
1039 1540 1227 1577 cuniculis
1263 1539 1342 1578 suf-

172 1609 319 1646 fossum
346 1612 386 1645 in
413 1610 606 1659 Hispania
632 1610 836 1659 oppidum,
863 1624 886 1646 a
913 1610 1032 1660 talpis
1058 1613 1098 1647 in
1124 1609 1342 1654 Thessalia,

173 1679 222 1715 ab
250 1681 354 1716 ranis
381 1681 586 1715 civitatem
614 1681 653 1715 in
682 1679 815 1715 Gallia
842 1679 1010 1729 pulsam,
1037 1680 1087 1716 ab
1115 1679 1274 1716 locustis
1302 1682 1341 1715 in

172 1747 320 1792 Africa,
342 1761 391 1785 ex
413 1748 545 1798 Gyara
568 1748 786 1799 Cycladum
808 1749 934 1785 insula
954 1749 1101 1786 incolas
1122 1762 1144 1785 a
1165 1749 1340 1786 muribus

171 1817 343 1867 fugatos,
373 1820 413 1853 in
444 1817 562 1854 Italia
592 1818 808 1868 Amynclas
839 1832 861 1854 a
891 1819 1142 1868 serpentibus
1172 1818 1339 1855 deletas.

212 1936 224 1954 ¹
248 1935 381 1967 Multa?
400 1936 453 1977 (cf.
472 1936 486 1972 ἓ
505 1937 579 1975 106)
598 1936 758 1977 Mayhosf.
929 1936 940 1954 2
964 1940 999 1968 et
1015 1937 1115 1968 add.?
1133 1935 1294 1977 Mayhoff.

209 1978 222 1997 ³
245 1982 296 2009 est
311 1978 346 2010 in
361 1979 505 2010 Thracia
520 1979 588 2010 edd.
752 1980 764 1998 ⁴
787 1980 841 2010 v.l.
858 1978 987 2011 sollerti
1002 1979 1134 2011 auditu.

172 2057 215 2094 74
