1482 2312
152 241 210 272 100

148 1009 206 1040 101

149 1522 208 1554 102

437 132 625 169 PLINY:
675 131 937 169 NATURAL
972 129 1206 168 HISTORY

288 234 348 271 Ex
377 234 519 272 eodem
547 247 695 284 genere
723 240 816 271 sunt
845 232 972 270 echini
1002 233 1143 283 quibus
1172 235 1310 282 spinae
1338 246 1408 283 pro

238 299 418 348 pedibus.
474 298 626 348 ingredi
667 304 727 335 est
766 297 825 334 his
864 300 904 333 in
942 297 1080 334 orbem
1118 297 1233 341 volvi,
1271 300 1408 347 itaque

238 363 394 400 detritis
427 375 547 412 saepe
580 362 724 398 aculeis
756 364 1023 398 inveniuntur.
1080 373 1128 397 ex
1161 359 1219 398 his
1252 360 1408 398 echino-

239 433 391 464 metrae
410 426 664 476 appellantur
682 439 848 475 quorum
867 428 1003 474 spinae
1021 424 1287 475 longissimae,
1304 424 1408 474 caly-

237 504 302 527 ces
326 494 488 527 minimi.
544 504 616 527 nec
639 490 820 526 omnibus
844 489 950 526 idem
974 492 1121 526 vitreus
1143 489 1270 526 colos:
1307 491 1408 525 circa

237 555 433 591 Toronem
463 554 620 591 candidi
651 560 867 590 nascuntur
897 556 1009 603 spina
1037 566 1170 602 parva.
1225 566 1298 589 ova
1328 566 1408 589 om-

239 622 346 655 niurn
375 632 523 662 amara,
551 622 671 668 quina
698 631 874 654 numero.
929 630 997 653 ora
1024 620 1063 653 in
1090 616 1221 653 medio
1247 629 1408 666 corpore

238 686 277 719 in
294 689 443 720 terram
462 696 585 719 versa.
640 682 805 719 tradunt
823 684 1031 719 saevitiam
1048 683 1165 718 maris
1182 683 1408 731 praesagire

238 760 305 784 eos
320 750 592 797 correptisque
606 749 776 796 opperiri
796 745 938 795 lapillis
954 745 1218 782 mobilitatem
1234 744 1409 794 pondere

238 811 509 848 stabilientes:
570 811 709 847 nolunt
751 810 995 847 volutatione
1038 812 1169 859 spinas
1211 815 1409 853 atterere3

239 875 345 925 quod
381 876 447 912 ubi
485 875 619 912 videre
656 877 818 918 nautici,
844 877 981 912 statim
1018 873 1194 923 pluribus
1231 872 1409 910 anchoris

237 942 395 990 navigia
412 939 625 976 infrenant.

288 1004 334 1040 In
363 1004 505 1041 eodem
532 1017 681 1054 genere
708 1003 867 1040 cocleae
895 1002 1091 1052 aquatiles
1119 1007 1409 1051 terrestresque

239 1074 450 1105 exerentes
474 1081 515 1105 se
539 1067 737 1105 domicilio
760 1067 934 1117 binaque
957 1080 1031 1103 ceu
1053 1079 1199 1103 cornua
1222 1065 1409 1115 protend-

239 1139 352 1169 entes
375 1131 752 1182 contrahentesque.
808 1131 928 1168 oculis
951 1136 1104 1174 carent,
1126 1133 1263 1180 itaque
1286 1132 1408 1166 corni-

238 1197 334 1233 culis
356 1202 659 1246 praetemptant
682 1199 769 1233 iter.

291 1260 473 1298 Pectines
520 1264 559 1296 in
600 1263 698 1297 mari
739 1273 788 1297 ex
829 1259 970 1296 eodem
1010 1271 1158 1309 genere
1197 1257 1409 1302 habentur,

239 1325 430 1362 reconditi
448 1331 487 1362 et
505 1328 576 1374 ipsi
595 1327 748 1375 magnis
764 1323 974 1373 frigoribus
990 1336 1035 1360 ac
1050 1325 1204 1372 magnis
1220 1322 1409 1365 aestibus,

239 1403 472 1439 unguesque
497 1389 605 1426 velut
630 1391 720 1439 igne
744 1388 923 1425 lucentes
946 1390 986 1423 in
1008 1387 1199 1430 tenebris,
1224 1389 1347 1423 etiam
1368 1388 1408 1422 in

239 1467 305 1490 ore
329 1453 617 1491 mandentium.

287 1518 375 1554 LII.
408 1518 604 1554 Firmioris
627 1520 712 1553 iam
740 1523 871 1554 testae
903 1519 1070 1553 murices
1101 1521 1142 1552 et
1171 1514 1408 1552 concharum

237 1595 400 1632 genera,
426 1585 464 1618 in
491 1582 632 1632 quibus
658 1594 802 1631 magna
827 1580 1000 1618 ludentis
1024 1585 1192 1616 naturae
1217 1581 1408 1616 varietas:

238 1652 299 1683 tot
318 1646 492 1683 colorum
512 1645 774 1688 differentiae,
794 1651 854 1681 tot
875 1645 1038 1694 figurae,
1056 1643 1197 1693 planis,
1215 1645 1408 1686 concavis,

239 1710 378 1760 longis,
408 1710 568 1753 lunatis,
598 1713 637 1746 in
666 1710 803 1746 orbern
832 1710 1092 1751 circumactis,
1122 1706 1284 1744 dimidio
1313 1707 1407 1743 orbe

236 1777 375 1818 caesis,
394 1777 432 1810 in
450 1774 609 1811 dorsum
628 1774 756 1817 elatis,
774 1773 939 1816 levibus,
957 1774 1122 1822 rugatis,
1139 1770 1408 1814 denticulatis,

238 1841 388 1876 striatis
402 1850 411 1882 3
435 1841 582 1875 vertice
596 1840 820 1874 muricatim
833 1840 995 1879 intorto,
1009 1838 1187 1884 margine
1204 1837 1243 1870 in
1256 1847 1406 1871 mucro-

242 1995 264 2026 h
284 1956 298 1970 ‘²
321 1950 362 1981 In
382 1951 478 1991 point
499 1950 534 1981 of
553 1950 624 1981 fact
644 1949 724 1990 they
744 1949 830 1980 have
851 1947 951 1980 blaek
968 1958 1045 1989 eyes
1064 1946 1224 1979 unfolded
1242 1946 1325 1977 with
1346 1946 1405 1977 the

266 2004 353 2026 ornS.

241 2059 309 2096 ²30
