1482 2312
154 785 214 815 189

434 145 559 183 PLIN
563 146 599 182 Y
613 159 622 183 :
672 146 935 184 NATURAL
970 146 1206 184 HISTORY

235 250 342 298 gigni
366 250 589 298 accepimus
611 261 634 284 a
649 247 796 284 multis.
851 248 1041 298 pleraque
1062 251 1168 285 enim
1190 248 1345 285 occulta
1365 254 1407 285 et

235 314 353 337 caeca
392 303 542 351 origine
582 303 833 351 proveniunt,
873 303 996 338 etiam
1035 303 1076 338 in
1116 301 1407 351 quadripedum

235 367 397 404 genere,
429 357 531 390 sicut
563 354 851 398 salamandrae,
884 354 1029 390 animal
1061 354 1234 391 lacertae
1269 354 1408 404 figura,

235 407 453 451 stellatum,
470 420 687 457 numquam
705 409 777 443 nisi
794 409 949 457 magnis
965 408 1156 444 imbribus
1173 410 1407 457 proveniens

236 466 277 496 et
299 463 516 497 serenitate
539 460 755 497 deficiens}
810 459 900 496 huic
921 466 1058 497 tantus
1080 463 1185 510 rigor
1207 466 1252 497 ut
1273 463 1407 510 ignem

234 519 348 549 tactu
397 516 621 563 restinguat
665 527 742 550 non
792 513 867 550 alio
916 513 1033 550 modo
1081 527 1201 563 quam
1249 513 1406 563 glacies.

235 567 413 603 eiusdem
439 569 562 611 sanie,
582 580 684 616 quae
712 567 840 603 lactea
867 579 933 603 ore
953 569 1138 610 vomitur,
1158 579 1408 616 quacumque

235 625 349 669 parte
382 622 553 669 corporis
586 619 748 656 humani
781 625 968 656 contacta
1004 622 1080 656 toti
1113 619 1295 656 defluunt
1326 620 1408 670 pili,

235 672 354 722 idque
393 672 499 723 quod
534 678 764 710 contactum
800 679 862 710 est
897 673 1067 710 colorem
1102 675 1143 709 in
1173 672 1407 723 vitiliginem

231 732 374 762 mutat.

290 778 532 815 LXXXVII.
562 778 771 825 Quaedam
821 792 916 829 ergo
964 781 1183 829 gignuntur
1232 792 1281 816 ex
1330 792 1409 815 non

234 834 380 882 genitis
407 838 448 869 et
474 835 557 869 sine
584 832 663 869 ulla
688 832 803 868 simili
829 834 995 882 origine,
1021 838 1066 869 ut
1091 845 1209 882 supra
1234 832 1342 869 dicta
1367 838 1409 869 et

235 899 510 935 quaecumque
527 886 542 909 2
569 899 636 922 ver
663 891 895 935 statumque
921 891 1082 935 tempus
1109 887 1200 922 anni
1226 891 1407 935 generat.

235 951 284 975 ex
303 938 362 975 his
379 939 576 988 quaedam
595 938 690 975 nihil
709 941 895 989 gignunt,
913 944 958 975 ut
973 939 1262 983 salamandrae,
1277 951 1408 988 neque

235 997 296 1029 est
327 995 367 1028 in
399 991 458 1028 his
490 992 709 1029 masculum
741 991 1040 1036 femininumve,
1072 995 1174 1028 sicut
1206 1004 1337 1042 neque
1369 994 1408 1027 in

235 1045 416 1095 anguillis
455 1046 716 1095 omnibusque
751 1058 854 1095 quae
888 1058 961 1082 nec
999 1045 1142 1082 animal
1181 1058 1255 1082 nec
1292 1058 1408 1081 ovum

235 1111 284 1135 ex
311 1111 397 1135 sese
422 1104 641 1148 generant;
681 1104 867 1135 neutrum
895 1104 956 1135 est
982 1104 1024 1135 et
1049 1100 1189 1135 ostreis
1214 1111 1341 1148 genus
1367 1104 1408 1135 et

152 1157 214 1188 190
236 1154 378 1188 ceteris
409 1151 718 1188 adhaerentibus
747 1152 848 1188 vado
876 1152 937 1188 vel
971 1165 1078 1188 saxo.
1133 1165 1236 1202 quae
1272 1157 1408 1188 autem

153 1636 211 1667 191

235 1218 305 1255 per
331 1218 371 1242 se
397 1211 655 1255 generantur,
681 1208 711 1241 si
738 1208 778 1241 in
803 1218 932 1241 mares
959 1211 1001 1242 et
1027 1204 1194 1242 feminas
1220 1205 1408 1254 discripta

235 1264 341 1302 sunt,
358 1264 554 1309 generant
572 1258 733 1308 quidem
753 1258 900 1308 aliquid
917 1261 1038 1302 coitu,
1056 1258 1126 1295 sed
1143 1257 1408 1308 inperfectum

235 1325 280 1348 ac
312 1311 499 1348 dissimile
533 1318 575 1348 et
608 1325 657 1348 ex
691 1325 769 1362 quo
801 1312 896 1348 nihil
930 1312 1097 1361 amplius
1129 1314 1332 1361 gignatur,
1364 1317 1409 1348 ut

235 1365 466 1401 vermiculos
513 1378 684 1402 muscae.
746 1365 787 1401 id
834 1367 959 1414 magis
1007 1364 1223 1402 declaravit
1266 1370 1409 1401 natura

237 1430 374 1454 eorum
404 1431 506 1467 quae
536 1421 688 1455 insecta
714 1418 914 1461 dicuntur,
941 1418 1088 1454 arduae
1119 1418 1408 1468 explanationis

235 1474 368 1508 omnia
389 1478 430 1508 et
450 1474 635 1521 privatim
657 1471 789 1508 dicato
810 1484 929 1521 opere
950 1471 1157 1508 narranda.
1213 1483 1408 1521 quaprop-

235 1531 297 1561 ter
334 1527 536 1574 ingenium
577 1525 871 1575 praedictorum
912 1530 953 1561 et
987 1524 1138 1574 reliqua
1171 1525 1409 1561 subtexetur

236 1578 498 1614 edissertatio.

290 1630 553 1667 LXXXVIII.
584 1631 643 1667 Ex
697 1631 876 1668 sensibus
929 1636 1023 1667 ante
1075 1636 1209 1667 cetera
1260 1629 1406 1667 homini

235 1689 380 1728 tactus,
409 1684 501 1721 dein
529 1689 736 1734 gustatus;
781 1684 942 1733 reliquis
971 1689 1180 1733 superatur
1209 1696 1232 1720 a
1259 1683 1405 1720 multis.

639 1803 652 1821 ¹
673 1802 728 1834 v.l.
746 1801 914 1833 desinens.

638 1844 650 1862 ²
672 1845 726 1876 v.l.
743 1847 856 1876 aestas
873 1848 934 1876 aut
951 1854 1021 1876 ver.

306 2002 319 2014 ‘⁸
343 1995 526 2028 Doubtless
545 1995 551 2007 ‘
568 1995 727 2027 molluscs
743 1995 762 2034 ’,
781 1995 834 2028 i.e.
853 2006 920 2037 any
942 1995 1116 2034 shell-fish,
1134 2005 1191 2027 are
1206 2001 1334 2028 meant.

235 2078 302 2112 412
