1482 2312
116 513 176 544 128

116 1462 179 1493 130

399 185 565 222 PLINY
580 199 588 222 z
641 185 905 223 NATURAL
942 184 1178 223 HISTORY

201 288 362 339 poribus
379 288 551 326 ferventi
567 301 657 325 cera
680 288 910 331 flectantur,
927 293 1051 339 atque
1068 290 1192 325 incisa
1208 300 1371 325 nascen-

199 365 302 399 tium
340 364 380 397 in
418 360 594 398 diversas
633 367 768 410 partes
806 366 1087 412 torqueantur,
1121 366 1167 397 ut
1205 361 1371 411 singulis

201 434 401 484 capitibus
423 439 622 485 quaterna
644 434 754 470 fiant.

251 509 446 545 Tenuiora
479 507 636 544 feminis
670 507 904 557 plerumque
940 513 1047 551 sunt,
1081 513 1126 544 ut
1161 510 1201 543 in
1234 520 1375 558 pecore

201 581 488 625 multis‚ovium
501 580 703 624 nulla‚nec
719 592 1020 623 cervorum,nec
1035 581 1176 630 quibus
1190 579 1372 616 multifidi

203 654 339 704 pedes,
374 667 447 690 nec
487 653 749 703 solidipedum
788 652 854 689 ulli
890 658 1059 702 excepto
1098 655 1207 689 asino
1243 653 1377 690 Indico

202 730 268 778 qui
298 741 376 764 uno
405 733 580 763 armatus
611 732 672 763 est
701 739 833 762 cornu.
899 725 1058 762 bisulcis
1086 726 1179 762 bina
1207 726 1376 762 natural

202 801 356 844 tribuit,
402 806 443 836 at
460 800 474 822 2
500 798 595 836 nulli
619 812 789 849 superne
812 801 1003 849 primores
1026 797 1190 835 habenti
1214 798 1377 836 dentes:

205 876 269 924 qui
296 878 442 923 putant
467 886 533 909 eos
557 874 597 908 in
622 885 769 909 cornua
794 872 946 908 absumi
972 870 1086 908 facile
1111 877 1379 922 coarguuntur

203 960 407 983 cervarum
421 951 577 989 natura,
592 958 693 995 quae
708 958 780 981 nec
794 944 935 981 dentes
949 943 1100 982 habent
1113 944 1235 995 quos³
1249 958 1378 995 neque

203 1033 346 1063 ψῆνες,
362 1032 434 1056 nec
450 1025 587 1055 tamen
603 1031 759 1055 cornua.
807 1023 1031 1054 ceterorum
1047 1017 1197 1055 ossibus
1214 1017 1375 1055 adhaer-

205 1099 288 1136 ent,
317 1105 521 1129 cervorum
550 1097 710 1127 tantum
739 1092 895 1127 cutibus
925 1097 1175 1127 enascuntur.

253 1165 395 1201 XLVI.
426 1165 568 1215 Capita
583 1165 755 1214 piscibus
772 1166 953 1214 portione
969 1177 1177 1214 corporum
1192 1167 1378 1209 maxima,

204 1238 378 1275 fortassis
403 1244 447 1274 ut
471 1243 714 1287 mergantur.
772 1243 993 1274 ostrearum
1016 1239 1153 1288 generi
1178 1236 1285 1274 nulla
1307 1251 1380 1274 nec

204 1313 377 1361 spongiis
396 1324 469 1347 nec
489 1310 573 1347 aliis
592 1309 675 1347 fere
695 1310 837 1360 quibus
857 1309 960 1346 solus
980 1323 1029 1346 ex
1049 1310 1227 1346 sensibus
1246 1316 1378 1347 tactus

205 1390 277 1420 est.
334 1383 571 1434 quibusdam
600 1383 857 1419 indiscretum
885 1388 1019 1433 caput,
1047 1388 1092 1419 ut
1118 1385 1279 1419 cancris.

254 1457 419 1493 XLVII.
451 1456 497 1492 In
532 1459 663 1506 capite
700 1455 929 1492 animalium
963 1461 1196 1493 cunctorum
1230 1455 1377 1493 homini

203 1530 392 1579 plurimus
424 1529 539 1579 pilus,
572 1531 649 1565 iam
682 1528 844 1578 quidem
875 1531 1096 1578 promiscue
1128 1530 1302 1565 maribus
1335 1532 1379 1566 ac

205 1602 374 1646 feminis,
402 1602 507 1652 apud
534 1604 709 1638 intonsas
737 1604 877 1651 utique
904 1606 1069 1652 gentes3
1111 1607 1232 1651 atque
1260 1604 1380 1638 etiam

204 1662 364 1717 nomina
405 1688 454 1711 ex
497 1688 543 1711 co
588 1673 793 1724 Capillatis
834 1674 998 1724 Alpium
1039 1673 1187 1717 incolis,
1229 1673 1380 1711 Galliae

205 1748 410 1792 Comatae,
424 1753 469 1784 ut
482 1750 686 1784 tamenrsit
702 1747 833 1797 aliqua
848 1749 889 1783 in
903 1747 977 1784 hoc
992 1752 1188 1784 terrarum
1201 1746 1380 1784 differen-

204 1823 284 1857 tia:
320 1823 466 1871 quippe
498 1820 675 1871 Myconii
695 1826 877 1857 carentes
900 1833 947 1856 eo
967 1821 1198 1870 gignuntur,
1219 1822 1321 1856 sicut
1340 1821 1380 1855 in

204 1894 341 1931 Cauno
376 1893 512 1930 lienosi
549 1894 607 1942 (et
644 1893 841 1943 quaedam
878 1892 1107 1929 animalium
1145 1891 1380 1929 naturaliter

329 1974 339 1991 ¹
363 1976 487 2004 natura
504 1972 578 2004 add.
597 1973 774 2004 Broierizcs.

326 2016 338 2034 ²
361 2020 398 2047 at
414 2015 488 2047 add.
505 2017 520 2046 ?
536 2015 699 2056 sslayhoff.

324 2060 336 2079 ³
359 2060 528 2091 Raclclzam
546 2063 675 2091 auctore
689 2062 699 2097 t
714 2062 741 2097 ?)
767 2059 991 2099 ll'arminyton
1007 2071 1014 2090 2
1048 2058 1176 2089 habent.
1194 2063 1244 2090 ut.

205 2116 272 2153 512
