1482 2312
450 136 639 174 PLINY:
691 137 726 174 N
729 137 954 175 ATURAL
990 137 1226 176 HISTORY

255 252 451 290 pavonum
483 252 608 289 genus
639 253 729 276 cum
759 239 886 276 forma
915 246 1001 277 tum
1031 240 1238 277 intellectu
1269 243 1352 278 eius
1383 247 1423 279 et

253 303 387 354 gloria.
443 309 694 353 gemmantes
729 302 913 340 laudatus
948 303 1141 354 expandit
1174 304 1322 341 colores
1357 304 1424 342 ad-

253 381 364 404 verso
406 369 578 404 maxime
621 367 716 411 sole,
758 369 850 417 quia
891 369 945 404 sic
986 366 1203 418 fulgentius
1246 368 1424 413 radiant;

251 431 364 469 simul
398 431 561 468 umbrae
592 431 784 480 quosdam
815 444 1066 481 repercussus
1097 434 1253 476 ceteris,
1284 435 1351 483 qui
1382 438 1424 470 et

251 498 291 532 in
328 508 450 545 opaco
487 494 628 532 clarius
663 497 826 539 micant,
864 494 1058 532 conchata
1095 498 1251 546 quaerit
1284 496 1424 541 cauda,

251 572 468 609 omnesque
509 561 547 595 in
595 572 777 596 acervum
825 558 1024 596 contrahit
1070 562 1280 609 pinnarum
1326 574 1424 611 quos

184 628 226 659 44
252 625 421 673 spectari
449 622 600 673 gaudet
626 622 770 659 oculos.
826 623 930 659 idem
957 623 1084 660 cauda
1111 626 1249 660 annuis
1276 625 1424 662 vicibus

251 688 393 723 amissa
409 700 499 723 cum
518 685 617 723 foliis
635 687 833 730 arborum,
852 687 977 723 donec
994 693 1225 724 renascatur
1242 687 1317 724 alia
1333 702 1423 726 cum

250 749 359 794 flore,
403 750 657 800 pudibundus
701 763 746 787 ac
789 763 971 787 maerens
1015 753 1172 801 quaerit
1214 751 1421 790 latebram.

251 817 344 851 vivit
380 817 491 851 annis
525 827 612 858 xxv,
635 814 784 851 colores
819 814 986 852 fundere
1021 817 1158 865 incipit
1181 817 1221 852 in
1245 818 1421 854 trimatu.

250 879 300 915 ab
338 879 564 915 auctoribus
603 891 680 915 non
717 878 931 929 gloriosum
969 884 1128 916 tantum
1167 880 1310 916 animal
1350 879 1423 918 hoc

249 942 433 986 traditur,
456 942 526 979 sed
560 948 600 978 et
631 942 870 987 malivolum,
892 945 994 979 sicut
1028 956 1207 980 anserem
1239 957 1424 981 verecun-

249 1006 586 1056 dum—quoniam
608 1005 677 1043 has
700 1019 858 1057 quoque
876 1007 1037 1057 quidam
1054 1007 1293 1045 addiderunt
1309 1014 1423 1046 notas

246 1072 285 1107 in
302 1072 362 1114 iis,
379 1069 484 1107 haud
501 1071 689 1120 probatas
706 1069 813 1107 mihi.

182 1140 222 1170 45
300 1134 454 1171 XXIII.
485 1132 684 1171 Pavonem
703 1136 779 1171 cibi
799 1137 929 1185 gratia
949 1134 1098 1173 Romae
1118 1138 1267 1186 primus
1282 1136 1425 1174 occidit

249 1204 380 1235 orator
405 1198 641 1235 Hortensius
666 1198 817 1235 aditiali
842 1212 941 1236 cena
964 1199 1186 1236 sacerdotii.
1241 1203 1422 1251 saginare

248 1265 396 1312 primus
424 1264 598 1299 instituit
625 1264 728 1299 eirca
755 1265 1009 1300 novissimum
1037 1265 1246 1314 piraticum
1274 1264 1422 1302 bellum

251 1325 308 1363 M.
340 1326 520 1363 Aufidius
552 1326 692 1370 Lurco,
723 1339 850 1377 eoque
881 1340 929 1364 ex
961 1333 1130 1377 quaestu
1159 1328 1311 1365 reditus
1342 1328 1420 1366 HS.

248 1403 449 1440 sexagena
470 1389 577 1427 milia
598 1389 749 1427 habuit.

181 1460 223 1491 46
299 1453 445 1491 XXIV.
475 1453 658 1491 Proxime
671 1454 837 1505 gloriam
851 1457 1029 1492 sentiunt
1043 1461 1085 1493 et
1097 1455 1136 1492 hi
1150 1459 1273 1493 nostri
1287 1457 1423 1507 vigiles

248 1521 429 1555 nocturni
460 1531 558 1568 quos
588 1519 810 1556 excitandis
839 1521 878 1556 in
909 1532 1030 1569 opera
1057 1519 1290 1557 mortalibus
1319 1534 1422 1558 rum-

247 1582 459 1632 pendoque
492 1595 629 1619 somno
661 1589 804 1620 natura
834 1585 986 1634 genuit.
1042 1590 1188 1621 norunt
1219 1584 1349 1622 sidera
1380 1591 1422 1622 et

249 1652 382 1683 ternas
396 1646 649 1697 distinguunt
664 1645 779 1683 horas
793 1647 966 1684 interdiu
979 1653 1114 1691 cantu,
1128 1661 1216 1685 cum
1230 1648 1310 1686 sole
1325 1655 1422 1687 eunt

252 1711 449 1752 cubitum,
469 1717 692 1761 quartaque
713 1715 900 1748 castrensi
927 1712 1057 1762 vigilia
1083 1711 1134 1748 ad
1156 1725 1268 1749 curas
1296 1711 1423 1750 labor-

248 1785 392 1824 emque
422 1780 609 1811 revocant
638 1787 711 1811 nec
736 1774 825 1811 solis
850 1780 980 1812 ortum
1009 1777 1177 1813 incautis
1215 1778 1422 1827 patiuntur

405 1960 419 1975 ⁰
442 1956 562 1998 Piracy
579 1967 645 1987 was
659 1961 722 1998 put
738 1956 837 1988 down
852 1957 896 1999 by
913 1957 1063 1999 Pompey
1078 1958 1112 1989 in
1127 1959 1167 1989 67
1183 1966 1249 1991 B.o.

404 1998 416 2018 ὁ
439 1999 458 2031 I
463 2010 499 2032 .e.
516 2000 575 2031 the
593 1999 710 2031 fourth
727 2005 865 2042 quaner
881 2000 918 2032 of
931 2001 989 2032 the
1004 2001 1111 2043 night.

244 2073 315 2110 320
