1482 2312
117 241 156 270 57

122 1587 163 1616 59

384 132 549 169 PLINY
565 146 572 169 ε
622 131 884 169 NATURAL
920 129 1154 168 HISTORY

184 234 307 272 Simili
326 235 443 271 modo
462 235 572 284 Elpis
591 233 744 271 Samius
763 236 925 270 natione
944 235 984 269 in
1003 232 1178 269 Africam
1197 231 1354 269 delatus

184 309 284 332 nave
310 299 421 332 iuxta
445 296 538 332 litus
563 300 776 344 conspecto
801 294 914 331 leone
938 293 1052 330 hiatu
1076 295 1219 330 minaci
1244 293 1355 329 arbo-

184 370 265 393 rem
290 357 384 406 fuga
407 359 511 406 petit
536 356 680 392 Libero
701 361 817 405 patre
841 358 1037 398 invocato,
1060 357 1245 404 quoniam
1267 360 1354 390 tum

183 421 417 467 praecipuus
448 423 627 453 votorum
658 417 764 453 loeus
796 422 856 453 est
886 430 976 452 cum
1007 419 1090 465 spei
1121 415 1250 452 nullus
1281 421 1354 452 est.

185 492 314 528 neque
352 478 608 528 profugienti,
644 491 734 514 eum
772 480 981 527 potuisset,
1018 476 1103 514 fera
1140 479 1356 519 institerat,

186 545 227 576 et
267 540 528 588 procumbens
570 539 620 575 ad
661 539 843 575 arborem
885 538 997 575 hiatu
1040 551 1117 588 quo
1157 542 1356 575 terruerat

186 604 479 637 miserationem
527 601 759 650 quaerebat.
815 613 857 636 os
904 613 1034 636 morsu
1082 599 1254 636 avidiore
1301 601 1357 634 in-

186 661 368 698 haeserat
389 661 576 698 dentibus
599 662 883 710 cruciabatque
904 661 1052 705 inedia,
1072 674 1150 697 non
1168 660 1355 697 tantuml

185 736 313 772 poena
353 726 391 758 in
430 726 522 772 ipsis
563 725 644 759 eius
683 722 788 766 telis,
827 728 1126 771 suspectantem
1165 735 1210 758 ae
1248 721 1357 758 velut

186 787 304 820 mutis
354 784 534 833 precibus
584 789 780 827 orantem,
829 783 952 820 durn²
991 783 1191 820 fortuitis3
1233 782 1358 820 fides‘1

186 858 263 881 non
302 851 362 881 est
399 851 537 881 contra
574 845 715 888 feram,
753 845 958 894 multoque
991 845 1139 881 diutius
1171 844 1358 881 miraculo

186 919 304 955 quam
325 913 436 942 metu
456 912 644 945 cessatur.
696 906 786 944 set5
808 906 1016 956 degressus
1036 906 1201 943 tandem
1223 906 1357 942 evellit

185 967 393 1015 praebenti
416 973 457 1004 et
478 981 555 1017 qua
575 970 748 1004 maxime
769 981 866 1016 opus
887 973 992 1004 esset
1013 967 1358 1011 adcommodanti3

185 1028 430 1077 traduntque
460 1029 649 1078 quamdiu
678 1031 787 1065 navis
817 1041 865 1064 ea
895 1031 933 1064 in
963 1028 1078 1065 litore
1108 1032 1268 1065 steterit
1298 1042 1357 1065 re-

185 1089 322 1125 tulisse
352 1092 523 1139 gratiam
556 1095 722 1126 venatus
753 1089 993 1139 adgerendo.
1050 1103 1128 1139 qua
1159 1090 1209 1126 de
1239 1103 1357 1127 causa

189 1150 331 1186 Libero
355 1154 458 1199 patri
482 1151 678 1200 templum
703 1153 741 1186 in
766 1150 884 1187 Samo
909 1151 1017 1200 Elpis
1043 1154 1227 1195 sacravit,
1252 1152 1358 1201 quod

187 1212 236 1247 ab
266 1225 312 1248 eo
345 1212 452 1248 facto
484 1212 626 1249 Graeci
660 1215 851 1263 κεχηνότος
879 1215 1063 1250 Διονύσου
1090 1213 1355 1262 appellavere.

188 1286 236 1309 ne
274 1276 460 1310 miremur
498 1280 638 1323 postea
674 1276 844 1323 vestigia
879 1273 1083 1310 hominum
1120 1274 1300 1325 intellegi
1336 1288 1359 1311 a

186 1334 291 1377 seris,
315 1348 404 1371 cum
428 1338 552 1371 etiam
577 1335 723 1371 auxilia
747 1335 796 1371 ab
820 1348 898 1372 uno
922 1335 1151 1372 animalium
1175 1342 1358 1385 sperent:

186 1411 254 1433 cur
277 1401 381 1435 enim
405 1412 482 1435 non
505 1399 556 1435 ad
579 1399 657 1435 alia
682 1401 776 1443 iere,
801 1405 870 1435 aut
894 1399 999 1436 unde
1022 1399 1196 1436 medicas
1219 1413 1358 1437 manus

187 1459 353 1495 hominis
377 1460 532 1496 sciunt?
587 1463 658 1496 nisi
682 1460 787 1497 forte
811 1463 866 1497 vis
891 1460 1085 1497 malorum
1109 1464 1230 1498 etiam
1255 1461 1358 1499 feras

187 1523 317 1556 omnia
338 1524 506 1570 experiri
523 1524 642 1571 cogit.

241 1582 381 1631 Aeque
412 1583 712 1618 memorandum
745 1588 786 1619 et
817 1583 868 1619 de
898 1582 1094 1632 panthera
1123 1584 1245 1621 tradit
1279 1585 1358 1621 De-

239 1668 250 1686 ²
275 1667 448 1708 Mayhoff:
474 1672 635 1699 ntantum
652 1673 708 1699 aut
725 1672 873 1700 tantum.

198 1709 247 1783 W²
270 1709 571 1757 dum—cessatur?
585 1722 621 1741 sn
626 1722 686 1750 pra
698 1717 770 1742 ame
781 1721 890 1751 neque
903 1712 1110 1752 profugienti
1119 1714 1359 1753 transponenda

235 1757 426 1792 armmyton.

237 1796 249 1813 ³
272 1796 393 1836 Silliq:
418 1796 571 1827 fortuita.
749 1797 761 1814 ⁴
786 1797 990 1837 Mayhofs?:
1016 1797 1134 1829 fidens.

237 1837 249 1856 ⁵
274 1838 454 1878 Mayhoff?
469 1851 475 1869 :
500 1844 669 1870 cessatum
686 1843 747 1870 est.

236 1947 251 1961 ⁶
272 1939 421 1980 Perhaps
439 1941 446 1951 ‘
459 1940 554 1970 while
571 1940 695 1970 chance
713 1966 718 1971 .
739 1966 745 1972 .
765 1965 772 1972 .
790 1941 894 1971 alarm
908 1941 915 1952 '
933 1941 1052 1972 should
1070 1942 1110 1973 be
1122 1943 1244 1974 moved
1262 1954 1307 1985 up
1320 1947 1356 1975 to

195 1992 287 2013 come
306 1983 417 2013 before
435 1982 442 1994 ‘
456 1983 527 2014 The
546 1983 640 2013 beast
658 1983 724 2013 had
742 1988 802 2014 not,
819 1984 917 2014 stood
936 1985 969 2015 in
987 1985 1037 2015 his
1055 1985 1152 2026 way.’

187 2047 233 2080 44
