1482 2312
133 211 195 241 126

134 785 194 814 127

132 1361 192 1391 128

131 1681 192 1712 129

409 104 573 142 PLINY
589 119 597 142 ε
648 105 910 143 NATURAL
946 105 1181 143 HISTORY

266 205 369 242 LIV.
398 205 545 242 Eorum
589 209 715 242 coitus
759 205 898 243 hiemis
944 209 1069 250 initio,
1116 219 1187 243 nec
1232 206 1380 257 vulgari

217 269 504 318 quadripedum
543 282 651 306 more
688 269 757 306 sed
793 270 984 306 ambobus
1019 270 1258 307 cubantibus
1293 283 1383 307 con-

216 333 444 382 plexisque3
484 333 628 369 deinde
655 346 830 370 secessus
857 336 897 369 in
922 346 1062 382 specus
1088 336 1318 383 separatim,
1343 337 1382 370 in

216 397 357 446 quibus
385 400 544 446 pariunt
576 409 648 433 xxx
682 397 745 433 die
778 396 990 446 plurimum
1024 400 1174 446 quinos.
1229 396 1382 434 bisunt

215 461 383 497 candida
404 460 660 510 informisque
680 474 785 504 caro,
805 460 924 510 paulo
944 461 1120 498 muribus
1141 464 1278 505 maior,
1299 465 1382 498 sine

216 524 350 568 oculis,
376 527 459 561 sine
485 525 586 573 pilo;
627 537 779 574 ungues
805 530 963 561 tantum
990 528 1228 574 prominent.
1282 524 1383 562 hanc

214 588 426 625 lambendo
455 588 647 637 paulatim
678 588 862 638 figurant.
918 601 990 625 nec
1020 592 1231 638 quicquam
1258 592 1382 626 rarius

215 665 333 702 quam
355 655 578 701 parientem
600 652 733 689 videre
754 665 897 688 ursam.
954 652 1042 689 ideo
1064 666 1193 689 mares
1216 653 1382 703 quadra-

216 719 327 766 genis
364 716 503 753 diebus
540 716 683 759 latent,
719 715 892 752 feminae
930 719 1132 765 quaternis
1168 717 1381 755 mensibus.

216 793 355 829 specus
384 783 415 816 si
443 793 522 816 non
550 779 740 823 habuere,
768 793 967 816 ramorum
997 780 1264 831 fruticumque
1292 794 1382 818 con-

214 847 324 893 gerie
361 844 573 880 aedificant
609 844 933 893 impenetrabiles
969 844 1159 881 imbribus
1195 845 1382 895 moilique

215 907 354 944 fronde
384 914 616 944 constratos.
672 911 806 957 primis
836 908 975 945 diebus
1005 909 1064 945 bis
1094 912 1268 958 septenis
1297 915 1381 946 tam

214 975 321 1022 gravi
358 985 493 1008 somno
527 978 763 1021 premuntur
798 978 841 1008 ut
875 985 925 1008 ne
960 972 1186 1009 vulneribus
1221 973 1380 1023 quidem

215 1038 377 1072 excitari
415 1042 588 1085 queant3
637 1042 732 1072 tunc
768 1039 910 1072 mirum
946 1039 985 1072 in
1021 1037 1181 1073 modum
1218 1043 1381 1074 veterno

214 1103 479 1149 pinguescunt
512 1099 582 1148 (illi
616 1106 707 1136 sunt
751 1100 887 1149 adipes
930 1101 1256 1138 medicaminibus
1298 1105 1380 1151 apti

212 1170 430 1213 contraque
451 1163 664 1200 defluvium
685 1164 817 1213 capilli
836 1165 1027 1213 tenaces).
1083 1165 1133 1201 ab
1158 1164 1217 1202 his
1242 1165 1380 1202 diebus

215 1228 391 1264 residunt
431 1241 476 1264 ac
516 1231 689 1277 priorum
730 1228 877 1277 pedum
917 1236 1031 1266 suctu
1073 1232 1220 1266 vivunt.
1275 1229 1380 1267 fetus

214 1295 389 1342 rigentes
408 1292 667 1341 adprimendo
686 1295 837 1341 pectori
856 1292 992 1329 fovent
1012 1306 1090 1329 non
1108 1293 1185 1330 alio
1203 1294 1379 1330 incubitu

213 1369 332 1405 quam
359 1356 410 1392 ad
437 1369 508 1392 ova
538 1356 725 1393 volucres.
781 1359 923 1393 mirum
953 1357 1076 1401 dictu,
1103 1357 1229 1394 credit
1255 1357 1381 1394 Theo-

214 1419 397 1469 phrastus
438 1433 509 1469 per
549 1420 589 1457 id
629 1426 788 1469 tempus
828 1426 961 1458 coctas
1003 1435 1162 1471 quoque
1202 1435 1380 1458 ursorum

213 1497 364 1528 carnes,
398 1487 428 1521 si
463 1484 736 1528 adserventur,
771 1487 1002 1529 increscere,
1035 1485 1110 1522 cibi
1145 1486 1253 1522 nulla
1285 1491 1380 1523 tunc

213 1554 449 1598 argumenta
469 1562 541 1585 nec
562 1551 634 1585 nisi
655 1552 800 1585 umoris
818 1552 1024 1586 minimum
1041 1552 1081 1586 in
1099 1549 1185 1586 alvo
1202 1552 1379 1594 inveniri,

213 1615 413 1662 sanguinis
435 1615 598 1663 exiguas
618 1615 721 1649 circa
740 1613 859 1649 corda
877 1619 1037 1650 tantum
1058 1619 1209 1664 guttas,
1229 1614 1380 1664 reliquo

211 1679 360 1725 corpori
402 1676 497 1712 nihil
538 1679 677 1713 inesse.
732 1677 953 1726 procedunt
995 1691 1100 1721 vere,
1140 1677 1211 1715 sed
1251 1691 1380 1715 mares

213 1743 491 1790 praepingues,
503 1743 613 1778 cuius
631 1743 687 1777 rei
704 1754 823 1778 causa
841 1754 920 1778 non
936 1747 1123 1791 prompta
1141 1748 1215 1786 est,
1233 1745 1380 1792 quippe

213 1817 262 1841 ne
290 1817 426 1841 somno
454 1805 614 1854 quidem
641 1807 846 1855 saginatis,
873 1811 1034 1854 praeter
1061 1806 1379 1855 quattuordecim

212 1868 295 1905 dies
325 1874 369 1905 ut
398 1868 580 1905 diximus.
637 1874 830 1906 exeuntes
856 1868 1021 1906 herbam
1045 1870 1245 1920 quandam
1268 1883 1378 1907 arum

213 2018 258 2052 90
