1482 2312
127 382 167 412 76

390 145 555 182 PLINY
570 158 577 182 :
630 145 892 183 NATURAL
930 145 1166 183 HISTORY

193 261 302 285 ceras
345 248 489 298 largius
534 262 653 298 quam
696 261 790 298 apes
833 247 997 292 faciunt,
1040 248 1132 285 dein
1175 251 1361 286 maiorem

197 312 464 349 vermiculum.

243 376 387 412 XXVI.
418 376 471 413 Et
493 376 568 413 alia
589 376 727 413 horum
750 379 870 426 origo.
926 389 974 414 ex
997 377 1205 427 grandiore
1228 380 1367 414 vermi-

191 441 278 477 culo
303 443 462 491 gemina
485 441 727 491 protendens
748 443 805 477 sui
826 443 982 491 generis
1002 454 1148 478 cornua
1167 441 1366 491 primuml

196 507 301 541 urica
330 505 387 548 fit,
415 505 506 541 dein
535 505 641 554 quod
668 510 831 541 vocatur
859 504 1067 555 bombylis‚
1096 518 1145 542 ex
1174 518 1222 542 ea
1249 519 1365 555 necy-

195 568 334 612 dallus,
371 582 419 605 ex
461 568 534 605 hoc
574 571 614 605 in
655 582 723 605 sex
772 569 972 606 mensibus
1023 569 1211 619 bombyx.
1267 569 1366 606 telas

195 646 427 669 araneorum
479 633 597 670 modo
648 639 792 670 texunt
845 633 894 670 ad
946 639 1098 670 vestem
1150 632 1366 683 luxumque

195 695 444 741 feminarum,
470 710 572 747 quae
599 698 836 748 bombycina
861 697 1094 747 appellatur.
1150 700 1276 747 prima
1302 711 1367 734 eas

196 761 385 798 redordiri
422 774 634 811 rursusque
672 768 810 798 texere
847 764 998 798 invenit
1034 764 1074 797 in
1112 761 1192 798 Coo
1228 761 1368 798 mulier

197 824 415 875 Pamphile,
451 824 613 862 Plateae
650 825 742 869 filia,
777 839 855 862 non
889 825 1111 862 fraudanda
1144 825 1268 876 gloria
1303 839 1368 862 ex-

195 892 394 939 cogitatae
417 892 577 926 rationis
599 896 642 926 ut
663 890 841 926 denudet
861 889 1028 927 feminas
1048 892 1180 926 vestis.

247 954 415 990 XXVII.
444 954 665 1004 Bombycas
693 960 734 991 et
760 957 799 990 in
820 954 900 991 Coo
920 954 1046 991 insula
1066 956 1171 991 nasci
1191 954 1369 999 tradunt,

196 1020 383 1068 cupressi,
404 1017 635 1062 terebinthi,
656 1017 813 1062 fraxini,
835 1032 1002 1068 quercus
1023 1018 1159 1055 florem
1180 1019 1369 1055 imbribus

196 1082 403 1119 decussum
460 1089 590 1120 terrae
645 1082 770 1119 halitu
827 1085 1040 1119 animante.
1096 1083 1178 1120 fieri
1234 1089 1369 1120 autem

195 1149 322 1197 primo
360 1146 576 1197 papiliones
615 1161 754 1197 parvos
793 1147 1012 1197 nudosque,
1050 1160 1140 1184 mox
1180 1146 1370 1197 frigorum

196 1213 433 1261 inpatientia
468 1211 565 1248 villis
600 1211 867 1248 inhorrescere
902 1217 943 1248 et
978 1211 1163 1248 adversus
1197 1211 1369 1248 hiemem

197 1278 350 1312 tunicas
391 1276 463 1312 sibi
505 1278 724 1312 instaurare
767 1275 922 1319 densas,
963 1275 1111 1326 pedum
1153 1278 1369 1325 asperitate

197 1340 383 1376 radentes
412 1339 592 1376 foliorum
622 1339 864 1390 lanuginem,
892 1342 930 1375 in
961 1339 1105 1376 vellera
1129 1337 1229 1376 hanc
1254 1340 1303 1376 ab
1326 1342 1371 1376 iis

197 1406 282 1454 cogi
322 1405 530 1454 subigique
571 1407 761 1454 unguium
800 1406 1098 1448 carminatione,
1136 1417 1227 1440 mox
1267 1403 1368 1440 trahi

198 1470 237 1504 in
258 1469 437 1512 tramas‚2
457 1471 612 1504 tenuari
635 1481 707 1504 ceu
728 1471 901 1518 pectine,
922 1474 1062 1518 postea
1083 1467 1371 1518 adprehensam

199 1535 348 1582 corpori
380 1532 522 1569 involvi
554 1532 646 1569 nido
677 1532 846 1569 volubili.
902 1538 988 1568 tum
1019 1533 1069 1568 ab
1100 1532 1258 1569 homine
1288 1532 1371 1569 tolli

199 1596 460 1646 fictilibusque
485 1599 525 1632 in
536 1596 552 1619 3
568 1599 667 1633 vasis
688 1602 826 1646 tepore
845 1602 886 1633 et
902 1595 1097 1633 furfurum
1113 1609 1203 1633 esca
1218 1599 1372 1641 nutriri,

199 1664 319 1708 atque
338 1660 395 1694 ita
413 1659 594 1695 subnasci
612 1661 668 1694 sui
688 1660 844 1708 generis
862 1658 1029 1708 plumas,
1048 1659 1189 1708 quibus
1208 1660 1372 1694 vestitos

200 1720 249 1756 ad
265 1720 341 1756 alia
354 1733 476 1769 pensa
492 1720 652 1756 dimitti.
689 1733 790 1769 quae
814 1733 904 1756 vero
924 1719 1090 1769 carpta4
1110 1721 1188 1756 sint
1203 1718 1344 1756 lanicia
1357 1718 1372 1742 ⁵

200 1794 335 1818 umore
366 1781 600 1825 lentescere,
630 1794 721 1817 mox
752 1783 792 1816 in
824 1781 887 1817 fila
916 1783 1072 1818 tenuari
1102 1783 1242 1818 iunceo
1271 1779 1370 1818 fuso.

520 1859 531 1877 ¹
555 1859 754 1889 Hardouin:
780 1868 957 1889 cornuum.

519 1901 531 1919 ²
552 1901 645 1932 Jan:
671 1902 760 1932 inter
775 1911 899 1932 ramos.

517 1944 530 1962 ³
553 1944 587 1974 in
604 1944 678 1974 add.
694 1944 708 1974 ?
725 1943 888 1984 Mayhoff.

518 1987 530 2005 ⁴
549 1986 732 2027 Detlessen:
757 1990 870 2027 capta.

521 2029 532 2047 ἤ
555 2029 626 2060 Jan
642 2041 649 2060 :
674 2028 808 2060 lanifica
824 2033 881 2060 aut
895 2028 1053 2060 lanificia.

199 2075 270 2122 478
