1482 2312
164 232 205 261 94

175 1831 215 1860 '26

430 122 594 160 PLINY
610 137 618 160 :
669 123 930 161 NATURAL
966 123 1198 161 HISTORY

282 225 428 262 XLIX.
467 225 706 275 Navigeram
756 225 1055 262 similitudinem
1106 231 1146 262 et
1196 225 1314 262 aliam
1362 228 1401 261 in

232 293 474 344 Propontide
499 297 622 331 visam
646 295 717 331 sibi
742 294 915 344 prodidit
943 295 1174 331 Mucianus:
1212 293 1402 331 concham

233 377 319 401 esse
355 367 458 401 acati
497 364 614 400 modo
650 367 885 408 carinatam,
922 363 1067 401 inflexa
1104 377 1252 413 puppe,
1289 376 1403 413 prora

232 439 415 470 rostrata.
471 437 509 469 in
541 433 642 470 hanc
672 433 786 470 condi
819 433 1037 482 nauplium,
1069 433 1215 470 animal
1244 436 1403 482 saepiae

233 503 373 546 simile,
417 502 576 539 ludendi
622 506 815 539 societate
859 503 953 539 sola.
1009 502 1161 539 duobus
1205 501 1277 539 hoc
1321 502 1402 539 fieri

232 573 467 622 generibus:
537 572 752 621 tranquillo
808 575 913 609 enim
971 578 1170 609 vectorem
1224 572 1402 609 demissis

233 642 416 691 palmulis
430 641 547 678 ferire
561 648 605 678 ut
619 645 750 685 remis,
764 645 794 678 si
809 655 900 678 vero
915 641 1031 678 flatus
1045 644 1230 685 invitent,
1244 641 1404 678 easdem

235 714 273 747 in
309 724 423 747 usum
458 711 716 761 gubernaculi
751 714 895 762 porrigi
932 711 1134 761 pandique
1168 710 1404 748 concharum

234 784 340 817 sinus
368 794 500 817 aurae.
556 780 670 817 huius
698 781 946 830 voluptatem
976 794 1060 817 esse
1089 786 1133 817 ut
1161 780 1278 824 ferat,
1302 780 1406 817 illius

235 856 279 887 ut
313 856 442 901 regat,
475 850 671 900 simulque
706 863 794 887 eam
828 850 1071 887 descendere
1104 853 1145 886 in
1177 850 1256 887 duo
1289 863 1406 887 sensu

233 923 425 964 carentia,
463 923 534 957 nisi
573 920 831 957 forte—tristi
872 920 910 956 id
950 923 1055 956 enim
1092 926 1249 956 constat
1287 921 1404 956 omini

235 989 735 1040 navigantium—humana
755 989 960 1026 calamitas
979 992 1018 1025 in
1038 1003 1156 1026 causa
1176 995 1248 1026 est.

289 1059 332 1096 L.
364 1059 560 1096 Locustae
580 1066 712 1096 crusta
732 1059 861 1109 fragili
881 1062 1115 1095 muniuntur
1134 1062 1173 1095 in
1194 1072 1240 1096 eo
1259 1071 1407 1109 genere

237 1128 343 1178 quod
388 1135 498 1166 caret
554 1132 758 1179 sanguine.
813 1128 942 1165 latent
1000 1128 1200 1165 mensibus
1257 1130 1408 1178 quinis;

238 1198 418 1235 similiter
440 1201 569 1235 cancri
596 1201 660 1248 qui
687 1198 828 1235 eodem
852 1205 1033 1247 tempore
1058 1197 1329 1241 occultantur3
1367 1203 1408 1234 et

238 1268 355 1304 ambo
398 1271 498 1305 veris
540 1271 730 1317 principio
773 1274 1024 1304 senectutem
1067 1270 1257 1317 anguium
1299 1280 1407 1303 more

239 1344 391 1374 exuunt
443 1340 699 1374 renovatione
750 1344 966 1387 tergorum.
1021 1343 1157 1374 cetera
1206 1339 1245 1372 in
1294 1336 1408 1373 undis

239 1413 395 1451 natant,
415 1407 591 1444 locustae
612 1410 857 1456 reptantium
879 1406 994 1443 modo
1015 1406 1196 1449 fluitant;
1230 1408 1260 1443 si
1281 1405 1409 1443 nullus

240 1479 399 1527 ingruat
421 1483 566 1519 metus,
590 1483 698 1513 recto
721 1483 858 1513 meatu
879 1476 1061 1513 cornibus
1085 1489 1186 1526 quae
1209 1482 1300 1512 sunt
1322 1489 1409 1525 pro·

240 1550 324 1596 pria
370 1547 619 1583 rotunditate
668 1546 890 1595 praepilata
937 1545 987 1582 ad
1034 1545 1161 1582 latera
1206 1547 1410 1594 porrectis,

241 1616 366 1653 isdem
389 1619 530 1653 erectis
553 1619 591 1652 in
615 1629 760 1665 pavore
783 1615 943 1665 oblique
966 1617 1005 1651 in
1027 1615 1154 1651 latera
1175 1614 1407 1664 procedunt.

239 1687 422 1723 cornibus
452 1689 556 1722 inter
584 1699 625 1722 se
655 1685 857 1722 dimicant.
914 1698 1036 1721 unum
1066 1683 1137 1721 hoc
1167 1683 1410 1727 animalium,

241 1758 313 1792 nisi
334 1759 464 1792 vivum
482 1755 651 1792 ferventi
671 1768 774 1804 aqua
793 1757 1041 1804 incoquatur,
1061 1753 1180 1790 fluida
1196 1766 1314 1790 carne
1332 1766 1409 1790 non

242 1824 364 1862 habet
383 1825 538 1862 callum.
595 1827 729 1861 vivunt
756 1827 921 1873 petrosis
945 1823 1050 1864 locis,
1067 1826 1196 1860 cancri
1216 1822 1408 1859 mollibus.

459 1976 472 1989 ⁰
498 1972 554 2002 Le.
572 1970 813 2001 thonmitation
830 1969 864 2000 of
879 1979 899 2000 a
917 1969 1013 2005 boat;
1042 1968 1083 1999 cf.
1101 1969 1116 2008 ξ
1132 1969 1184 1999 88.

247 2033 315 2068 226
