1482 2312
184 610 223 640 19

183 1721 220 1751 21

446 154 611 193 PLINY
626 169 635 193 ι
687 155 949 193 NATURAL
986 155 1222 193 HISTORY

247 272 339 296 mox
359 258 504 296 deinde
524 264 692 295 venatus
713 258 990 308 adgerentem,
1010 258 1200 295 defuncta
1219 265 1421 308 postremo

248 330 287 364 in
328 341 467 378 rogum
507 340 716 364 accensum
756 330 839 364 eius
880 329 1058 364 iniecisse
1098 340 1184 364 sese
1225 334 1266 364 et
1306 327 1421 364 simul

248 396 524 447 conflagrasse.
580 409 699 446 quam
722 396 772 433 ob
793 409 954 433 causam
977 396 1128 433 incolae
1151 396 1257 446 quod
1279 402 1421 434 vocant

247 465 412 503 heroum
430 469 468 502 in
488 479 535 503 eo
553 466 637 503 loco
655 465 785 503 fecere
804 465 1050 515 appellatum
1069 465 1171 503 Iovis
1189 472 1230 503 et
1248 468 1421 516 virginis,

248 539 434 586 quoniam
452 535 507 571 illi
527 535 602 572 deo
622 535 702 572 ales
722 535 968 572 adscribitur.

301 605 334 640 V
339 605 390 641 ΙΙ.
422 604 633 641 Vulturum
686 605 919 654 praevalent
972 607 1085 654 nigri.
1140 604 1251 641 nidos
1305 617 1422 642 nemo

249 677 407 724 attigit3
447 673 536 711 ideo
562 680 603 711 et
628 674 739 711 fuere
765 677 830 724 qui
856 680 1047 723 putarent
1070 673 1157 711 illos
1182 687 1231 710 ex
1257 673 1422 711 adverso

248 744 343 780 orbe
390 743 588 787 advolare,
630 743 751 780 falso:
811 743 1013 780 nidificant
1062 746 1100 779 in
1150 743 1422 780 excelsissimis

249 813 422 862 rupibus.
478 812 584 849 fetus
614 813 775 862 quidem
804 825 925 862 saepe
953 818 1183 856 cernuntur,
1213 811 1296 849 fere
1326 813 1420 849 bini.

250 882 475 919 Umbricius
508 881 759 931 haruspicum
792 885 831 918 in
865 888 999 919 nostro
1031 895 1129 919 aevo
1162 884 1421 932 peritissimus

249 965 388 1002 parere
418 951 542 988 tradit
573 965 646 988 ova
675 951 882 995 tredecim,
912 965 990 988 uno
1021 965 1070 988 ex
1099 951 1158 988 his
1178 951 1330 1002 reliqua
1350 964 1422 988 ova

249 1021 466 1071 nidumque
488 1021 670 1065 lustrare,
691 1035 783 1058 mox
804 1021 983 1065 abicere;
1017 1021 1149 1058 triduo
1170 1027 1307 1058 autem
1327 1026 1423 1058 ante

248 1091 433 1128 advolare
452 1104 516 1128 cos
537 1091 602 1127 ubi
621 1091 815 1128 cadavera
834 1090 969 1128 futura
988 1097 1092 1128 sunt.

301 1159 413 1197 VIII.
444 1160 686 1210 Sanqualem
713 1174 827 1197 avem
848 1166 971 1210 atque
992 1161 1232 1197 inmusulum
1253 1173 1422 1211 augures

251 1229 416 1266 Romani
451 1243 597 1280 magna
631 1233 669 1266 in
700 1232 933 1280 quaestione
966 1229 1129 1267 habent.
1183 1229 1423 1267 inmusulum

249 1299 368 1350 aliqui
393 1299 558 1336 vulturis
580 1300 733 1349 pullum
756 1300 1000 1336 arbitrantur
1021 1313 1106 1336 esse
1128 1305 1169 1337 et
1189 1299 1423 1350 sanqualem

249 1368 477 1419 ossifragae.
535 1369 734 1406 Masurius
779 1369 1012 1418 sanqualem
1058 1368 1291 1419 ossifragam
1337 1382 1423 1406 esse

249 1438 358 1483 dicit,
388 1438 628 1475 inmusulum
659 1445 795 1475 autem
826 1438 977 1488 pullum
1007 1438 1164 1488 aquilae
1194 1441 1422 1489 priusquam

249 1507 393 1545 albicet
414 1507 553 1545 cauda.
610 1507 771 1558 quidam
794 1514 882 1557 post
907 1508 1086 1544 Mucium
1108 1521 1301 1558 augurem
1322 1510 1422 1545 visos

250 1590 327 1614 non
344 1590 428 1614 esse
449 1577 598 1614 Romae
612 1577 908 1620 confirmavere,
925 1590 1013 1627 ego,
1030 1577 1136 1627 quod
1151 1579 1231 1614 veri
1247 1576 1423 1622 similius,

249 1649 289 1683 in
310 1646 462 1683 desidia
481 1660 611 1684 rerum
631 1649 806 1683 omnium
826 1646 994 1683 arbitror
1013 1660 1091 1683 non
1110 1649 1278 1697 agnitos.

302 1716 370 1753 IX.
402 1718 648 1765 Accipitrum
665 1729 814 1767 genera
831 1716 1004 1753 sedecim
1021 1718 1265 1753 invenimus:
1296 1729 1347 1754 ex
1363 1715 1422 1753 his

251 1785 456 1836 aegithum
489 1786 675 1823 claudum
704 1786 829 1823 altero
862 1785 964 1836 pede
991 1788 1242 1835 prosperrimi
1269 1788 1422 1836 augurii

250 1856 492 1905 nuptialibus
524 1858 692 1906 negotiis
724 1861 766 1892 et
794 1858 1005 1905 pecuariae
1034 1858 1113 1892 rei:
1157 1855 1369 1892 triorchem
1399 1869 1421 1892 a

251 1938 414 1962 numero
434 1928 613 1969 testium,
632 1927 693 1961 cui
714 1927 980 1974 principatum
1000 1927 1040 1961 in
1060 1927 1233 1975 auguriis
1254 1924 1421 1962 Phemo-

637 2036 652 2051 ⁰
675 2029 762 2060 Died
778 2029 884 2061 about
894 2002 941 2061 *87
960 2037 1026 2061 Β.ο.

247 2087 317 2123 304
