1482 2312
95 639 158 670 283

96 1283 160 1314 284

382 146 572 185 PLINY:
624 147 886 185 NATURAL
922 146 1156 185 HISTORY

179 249 390 287 difficulter
423 255 560 286 autem
592 249 851 299 perficiuntur
880 251 1013 286 omnia
1042 251 1081 285 in
1110 249 1206 286 cibis
1236 252 1354 293 acria,

180 327 336 363 aspera,
360 316 608 357 inconsueta,
633 316 755 355 varia,
780 315 901 349 nimia
926 318 968 350 et
993 312 1106 349 avide
1131 312 1289 355 hausta.
1313 319 1354 350 et

179 384 336 414 aestate
366 391 486 428 quam
515 377 646 414 hieme
674 377 880 421 difficilius,
909 383 950 414 et
978 379 1017 413 in
1045 383 1208 414 senecta
1236 390 1355 427 quam

181 444 357 478 iuventa.
413 444 649 478 vomitiones
682 441 831 478 homini
860 441 912 478 ad
939 440 1038 477 haec
1066 443 1106 477 in
1135 441 1355 478 remedium

181 508 437 556 excogitatae
457 505 661 556 frigidiora
676 518 840 555 corpora
855 504 1022 549 faciunt,
1037 507 1219 542 inimicae
1235 504 1356 542 oculis

180 573 354 607 maxime
376 583 422 606 ac
443 570 643 607 dentibus.

228 634 374 671 Somno
415 647 662 684 concoquere
703 634 975 683 corpulentiae
1017 647 1136 684 quam
1179 634 1355 671 firmitati

180 698 338 742 utilius;
393 698 482 735 ideo
527 698 701 735 athletas
741 698 1013 735 ambulatione
1057 698 1212 734 malunt
1250 698 1356 735 cibos

180 763 392 812 perficere:
445 762 652 813 pervigilio
695 762 857 812 quidem
895 765 1109 812 praecipue
1148 765 1357 799 vincuntur

179 828 268 864 cibi.
323 827 509 864 CXVIII.
539 833 761 877 augescunt
803 840 967 876 corpora
1010 826 1190 864 dulcibus
1233 832 1355 876 atque

180 892 394 941 pinguibus
416 898 457 928 et
477 894 596 941 potis,
612 894 845 928 minuuntur
864 893 974 928 siccis
995 897 1036 928 et
1056 891 1173 928 aridis
1189 890 1357 941 frigidis-

181 969 259 1006 que
286 969 331 992 ac
357 958 434 992 siti.
491 956 689 1005 quaedam
717 955 904 992 animalia
931 961 972 992 et
997 955 1171 1004 pecudes
1199 968 1357 1005 quoque

181 1023 221 1056 in
263 1019 399 1057 Africa
432 1026 576 1070 quarto
611 1020 675 1057 die
706 1020 861 1057 bibunt.
915 1019 1064 1056 homini
1101 1033 1180 1056 non
1218 1022 1357 1069 utique

181 1087 353 1134 septimo
380 1084 510 1122 letalis
536 1085 691 1128 inedia3
721 1084 884 1121 durasse
909 1090 950 1121 et
974 1083 1079 1121 ultra
1104 1083 1357 1121 undecimum

180 1148 392 1199 plerosque
433 1155 588 1185 certum
630 1154 703 1186 est.
758 1149 918 1185 morbus
961 1148 1159 1186 esuriendi
1200 1160 1359 1198 semper

179 1213 411 1263 inexplebili
435 1213 629 1250 aviditate
654 1215 721 1250 uni
746 1212 977 1249 animalium
1000 1212 1161 1249 homini.

231 1277 374 1315 CXIX.
405 1277 615 1323 Quaedam
648 1291 780 1314 rursus
810 1279 955 1327 exiguo
984 1283 1104 1327 gustu
1132 1276 1281 1313 famem
1313 1290 1358 1313 ac

185 1345 295 1379 vitim
343 1342 487 1379 sedant
535 1348 853 1392 conservantque
901 1344 1016 1385 vires,
1064 1347 1109 1378 ut
1156 1341 1358 1392 batyrum,

182 1406 365 1456 hippace,
412 1406 674 1457 glycyrrhiza.
728 1408 1101 1456 perniciosissimum
1139 1412 1275 1442 autem
1317 1411 1359 1443 et

181 1473 222 1507 in
268 1474 374 1508 omni
423 1471 586 1520 quidem
630 1473 712 1507 vita
762 1470 869 1520 quod
917 1473 1097 1514 nimium,
1147 1472 1358 1519 praecipue

182 1541 321 1572 tamen
360 1538 528 1585 corpori,
568 1537 812 1585 minimeque
853 1534 960 1585 quod
998 1540 1139 1585 gravet
1180 1533 1358 1584 quolibet

182 1599 300 1636 modo
320 1599 468 1637 utilius.

233 1663 382 1701 Verum
406 1664 458 1701 ad
481 1664 634 1714 reliqua
658 1670 826 1701 naturae
849 1669 1113 1701 transeamus.

225 1787 239 1802 ⁰
262 1783 296 1814 It
310 1786 402 1814 must
418 1783 457 1813 be
471 1782 702 1813 remembered
714 1782 790 1813 that
802 1782 835 1812 in
849 1781 906 1812 the
918 1782 1018 1812 Latin
1029 1781 1133 1812 idiom
1145 1780 1358 1820 Wednesday

181 1826 294 1857 would
310 1826 350 1856 be
365 1825 471 1857 called
487 1825 495 1837 ‘
511 1826 568 1856 the
583 1825 699 1856 fourth
716 1825 782 1865 day
799 1824 806 1836 ’
822 1825 910 1855 after
924 1824 1076 1864 Sunday,
1093 1823 1242 1864 Monday
1260 1824 1357 1863 being

179 1869 355 1904 ¹secundus.
374 1868 381 1880 ‘
397 1868 455 1899 the
472 1868 644 1908 following
661 1867 752 1908 day,’
770 1867 838 1898 and
854 1867 1011 1907 Tuesday
1028 1867 1155 1899 tercius.

182 2063 255 2099 610
