1482 2312
135 330 194 360 145

138 1005 197 1034 146

140 1312 198 1341 147

411 99 575 138 PLINY
589 114 598 138 :
647 100 909 138 NATURAL
944 99 1180 138 HISTORY

215 201 411 245 defendit,
426 204 523 238 item
539 200 719 237 Caelium
735 207 960 238 senatorem
976 214 1140 251 aegrum
1156 200 1383 237 Placentiae

215 263 265 299 ab
291 265 452 299 armatis
477 275 722 311 oppressum,
748 275 820 298 nec
846 265 952 311 prius
976 262 1043 298 ille
1067 261 1297 298 wilneratus
1323 266 1384 298 est

215 337 334 373 quam
358 337 456 360 cane
482 326 736 373 interempto.
792 323 862 360 sed
887 336 1005 372 super
1029 325 1161 360 omnia
1185 325 1225 359 in
1248 328 1383 359 nostro

215 398 312 421 aevo
342 388 439 421 actis
468 398 506 434 p.
538 384 583 421 R.
615 390 810 421 testatum
840 385 972 434 Appio
1003 384 1116 420 Iunio
1146 389 1187 421 et
1217 383 1259 420 P.
1290 382 1384 420 Silio

215 460 327 490 coss.,
376 460 465 483 cum
515 446 901 483 animadverteretur
951 459 1000 482 ex
1048 458 1168 482 causa
1217 444 1384 482 Neronis

217 507 441 544 Germanici
473 507 526 544 fili
555 510 595 544 in
625 508 774 544 Titium
804 506 994 543 Sabinum
1026 512 1066 543 et
1097 509 1257 544 servitia
1288 509 1385 549 eius,

217 572 330 605 unius
352 583 401 606 ex
420 568 480 606 his
499 582 639 606 canem
661 582 733 606 nec
754 572 792 604 in
813 582 970 605 earcere
991 569 1096 618 abigi
1117 570 1293 617 potuisse
1312 580 1386 604 nec

217 643 239 667 a
270 644 432 680 corpore
464 633 670 667 recessisse
702 631 846 667 abiecti
878 633 917 666 in
949 629 1137 679 gradibus
1168 631 1387 679 gemitoriis

219 698 391 729 maestos
422 692 610 729 edentem
639 692 814 728 ululatus
843 704 1014 741 magnae
1043 704 1081 740 p.
1112 691 1158 728 R.
1188 690 1387 734 coronae,1

219 767 267 790 ex
294 767 371 803 qua
397 767 485 790 cum
520 753 680 803 quidam
708 756 742 790 ei
769 754 901 790 cibum
927 753 1151 796 obiecisset,
1177 751 1229 789 ad
1253 765 1295 789 os
1321 752 1389 789 de-

219 815 343 852 functi
370 815 529 858 tulisse3
570 818 765 852 innatavit
792 815 898 851 idem
924 814 1094 851 cadaver
1110 814 1125 837 ²
1149 816 1189 850 in
1214 814 1388 850 Tiberim

219 876 361 913 abiecti
379 876 394 899 3
422 883 647 913 sustentare
676 882 855 919 conatus,
885 875 1006 912 effusa
1044 875 1301 912 multitudine
1338 874 1389 912 ad

219 938 479 987 spectandam
506 938 686 975 animalis
707 938 837 974 fidem.

273 998 351 1035 Soli
395 1000 597 1036 dominum
642 1013 800 1043 novere,
845 1005 885 1036 et
930 1003 1112 1049 ignotum
1156 1011 1314 1048 quoque
1358 1000 1390 1035 si

221 1066 386 1109 repente
422 1063 554 1097 veniat
589 1061 852 1110 inteliegunt3
901 1061 971 1097 soli
1008 1063 1166 1096 nomina
1200 1073 1285 1102 sua,
1319 1059 1390 1096 soli

222 1135 354 1158 vocem
405 1122 663 1158 domesticam
714 1128 956 1172 agnoscunt;
1019 1124 1163 1158 itinera
1212 1123 1390 1171 quamvis

219 1183 337 1233 longa
358 1187 589 1227 meminere,
612 1197 683 1220 nec
706 1184 775 1220 ulli
796 1189 957 1233 praeter
978 1182 1179 1220 hominem
1200 1185 1391 1220 memoria

220 1247 355 1281 maior.
410 1247 582 1294 impetus
625 1258 760 1282 eorum
803 1252 845 1282 et
885 1247 1051 1281 saevitia
1092 1247 1301 1294 mitigatur
1340 1244 1390 1280 ab

219 1305 378 1343 homine
398 1307 629 1343 considente
650 1306 770 1343 humi.
825 1307 995 1357 plurima
1012 1306 1089 1342 alia
1108 1309 1148 1342 in
1168 1305 1227 1342 his
1245 1305 1391 1342 cotidie

222 1370 302 1404 vita
338 1370 502 1411 invenit,
538 1368 609 1405 sed
644 1371 683 1404 in
721 1374 868 1404 venatu
904 1368 1081 1404 sollertia
1117 1373 1158 1404 et
1194 1369 1391 1417 sagacitas

222 1432 432 1478 praecipua
454 1435 525 1466 est.
581 1435 780 1466 scrutatur
799 1432 967 1479 vestigia
985 1435 1107 1479 atque
1126 1431 1392 1478 persequitur,

221 1493 480 1527 comitantem
502 1490 552 1527 ad
572 1490 697 1527 feram
720 1494 993 1541 inquisitorem
1013 1490 1095 1527 loro
1115 1489 1293 1534 trahens,
1314 1503 1392 1539 qua

223 1554 301 1588 visa
312 1566 431 1602 quam
446 1552 562 1589 silens
578 1558 617 1588 et
627 1552 780 1589 occulta
794 1558 855 1589 set
865 1565 984 1602 quam
997 1552 1221 1602 significans
1230 1551 1392 1588 demon-

222 1616 361 1649 stratio
380 1620 439 1650 est
456 1614 582 1650 cauda
600 1617 784 1663 primum,
801 1613 945 1650 deinde
962 1619 1101 1650 rostro.
1157 1626 1252 1663 ergo
1270 1615 1390 1649 etiam

223 1681 383 1711 senecta
426 1674 547 1712 fessos
588 1688 807 1725 caecosque
849 1688 894 1711 ac
936 1674 1087 1711 debiles
1129 1677 1216 1711 sinu
1257 1673 1391 1711 ferunt

476 1762 484 1779 ¹
510 1761 675 1792 each-ham
691 1774 697 1792 :
725 1772 845 1801 magna
864 1772 894 1801 p.
914 1762 954 1791 R.
973 1771 1107 1791 corona.

473 1804 484 1822 ²
507 1804 559 1834 v.l.
576 1804 741 1834 cadavere
757 1816 763 1834 :
789 1804 945 1835 cadaveri
959 1806 971 1835 ⁴?
990 1803 1150 1843 sslayhoff.

473 1846 486 1865 ³
510 1847 652 1878 Brolier:
677 1847 822 1877 abiecto.

716 1953 730 1967 ¹²
754 1959 822 1979 ΑΛ).
844 1949 896 1980 28.

225 2016 290 2039 102
