1482 2312
439 143 602 182 PLINY
619 158 628 182 :
679 144 942 182 NATURAL
977 144 1211 182 HISTORY

201 255 219 284 6
242 262 335 285 num
364 251 484 285 series
513 250 701 284 exoritur.
756 247 875 284 iidem
903 250 1007 284 enim
1028 253 1069 284 et
1092 261 1228 285 vocem
1249 261 1335 285 esse
1353 247 1412 285 his

243 315 393 359 negant
411 312 452 345 in
470 314 586 346 tanto
607 322 807 345 murmure
828 311 975 358 apium,
995 309 1221 346 cicadarum
1241 323 1350 354 sono,
1371 315 1413 346 et

243 383 344 421 quae
394 370 471 406 alia
521 373 599 407 suis
649 371 969 406 aestimabuntur
1016 370 1122 407 locis.
1176 384 1268 407 nam
1317 370 1410 407 mihi

241 434 447 468 contuenti
490 444 646 481 semper
688 434 811 468 suasit
853 445 983 468 rerum
1028 437 1173 468 natura
1217 431 1312 468 nihil
1357 435 1411 468 in-

241 493 429 530 credibile
463 496 691 530 existimare
724 492 774 529 de
813 505 883 536 ea3
929 506 1002 530 nec
1040 493 1154 530 video
1186 507 1256 530 cur
1287 497 1413 544 magis

242 558 392 604 possint
424 568 502 590 non
532 553 694 591 trahere
725 557 898 590 animam
928 554 1028 591 talia
1060 560 1101 591 et
1132 557 1263 592 vivere
1295 568 1413 605 quam

242 619 391 665 spirare
413 619 497 652 sine
520 616 746 659 visceribus,
768 615 875 665 quod
896 619 1018 652 etiam
1040 618 1081 652 in
1101 619 1262 653 marinis
1283 616 1414 653 docui-

243 691 328 714 mus
347 680 525 727 quamvis
543 683 705 714 arcente
724 680 904 727 spiritum
923 677 1124 714 densitate
1143 683 1184 714 et
1202 678 1414 715 altitudine

205 746 223 776 7
246 743 402 775 umoris.
458 739 589 776 volare
611 739 772 788 quidem
793 739 926 788 aliqua
948 745 988 775 et
1011 742 1189 776 animatu
1214 753 1349 777 carere
1374 742 1413 776 in

243 803 326 850 ipso
351 803 491 850 spiritu
516 803 704 844 viventia,
729 800 876 837 habere
901 814 1061 837 sensum
1085 803 1225 844 victus,
1248 814 1414 851 genera-

243 865 375 905 tionis,
414 865 557 911 operis,
597 868 719 912 atque
760 865 883 898 etiam
922 861 972 898 de
1012 861 1146 899 futuro
1184 876 1334 907 curam,
1372 869 1414 900 et

243 926 421 973 quamvis
442 937 521 959 non
541 926 620 960 sint
640 924 821 960 membra
842 936 944 973 quae
966 923 1075 960 velut
1094 926 1228 961 carina
1243 924 1258 947 ¹
1277 937 1415 962 sensus

242 984 447 1028 invehant,
461 998 547 1021 esse
559 991 697 1022 tamen
710 988 755 1021 iis
769 985 965 1028 auditum,
977 985 1183 1029 olfactum,
1195 991 1415 1036 gustatum,

243 1049 387 1083 eximia
409 1052 621 1095 praeterea
642 1052 811 1082 naturae
834 1046 952 1089 dona,
973 1046 1205 1091 sollertiam,
1226 1050 1415 1090 animum,

202 1114 221 1144 8
243 1112 387 1151 artem,
402 1110 488 1158 quis
502 1107 617 1145 facile
631 1107 871 1144 crediderit?
924 1111 1160 1158 sanguinem
1175 1121 1254 1145 non
1270 1122 1356 1145 esse
1369 1111 1414 1146 iis

244 1169 387 1213 fateor,
407 1172 507 1206 sicut
527 1183 577 1205 ne
590 1169 604 1192 ²
623 1170 877 1206 terrestribus
899 1169 1059 1219 quidem
1079 1172 1231 1207 cunctis
1249 1172 1355 1207 inter
1373 1184 1414 1207 se

242 1230 432 1274 similem3
465 1244 600 1268 verum
621 1237 664 1268 ut
683 1234 842 1280 saepiae
865 1233 905 1267 in
924 1234 1021 1267 mari
1039 1233 1241 1281 sanguinis
1259 1234 1385 1268 vicem
1399 1231 1414 1255 ³

241 1298 514 1329 atramentum
533 1296 704 1342 optinet,
723 1306 986 1342 purpurarum
1006 1296 1143 1343 generi
1162 1292 1332 1330 infector
1348 1293 1415 1330 ille

242 1368 370 1397 sucus,
389 1357 443 1391 sic
464 1360 505 1391 et
524 1357 684 1391 insectis
705 1357 880 1404 quisquis
900 1360 961 1391 est
980 1354 1109 1391 vitalis
1129 1368 1242 1391 umor
1259 1353 1321 1392 hic
1340 1358 1414 1392 erit

242 1419 414 1466 sanguis.
470 1416 642 1466 denique
671 1419 916 1452 existimatio
944 1429 1012 1452 sua
1042 1419 1184 1465 cuique
1211 1419 1276 1460 sit,
1303 1417 1414 1454 nobis

242 1481 487 1527 propositum
520 1484 579 1514 est
612 1483 774 1514 naturas
805 1491 935 1514 rerum
966 1477 1199 1514 manifestas
1228 1478 1414 1521 indicare,

242 1552 321 1576 non
338 1553 477 1576 causas
496 1539 687 1589 indagare
707 1539 858 1576 dubias.

201 1608 220 1637 9
296 1601 369 1637 HI.
401 1601 573 1645 Insecta,
618 1607 662 1637 ut
705 1601 885 1651 intellegi
930 1604 1067 1650 possit,
1111 1614 1189 1637 non
1233 1601 1415 1638 videntur

243 1661 390 1699 habere
415 1676 555 1699 nervos
581 1676 653 1699 nec
678 1676 765 1699 ossa
789 1676 862 1699 nec
887 1665 1018 1712 spinas
1043 1675 1116 1699 nec
1139 1662 1413 1713 cartilaginem

520 1748 531 1767 ¹
552 1748 687 1780 canali?
706 1748 745 1779 M
748 1748 864 1789 ayhoff.

517 1791 529 1809 ²
550 1801 592 1822 ne
609 1803 669 1822 om.
688 1792 740 1822 v.l.

517 1835 529 1852 ³
552 1835 659 1865 vicem
677 1838 732 1864 aui
750 1834 840 1865 vices
856 1834 925 1865 edd.
942 1838 1011 1865 vett.
1028 1845 1035 1865 ς
1061 1833 1159 1864 vires.

282 1925 297 1980 ἰ
318 1920 496 1994 ἓςνὸἶιξιζειέιῗ
511 1920 603 2004 gives
619 1966 626 1972 “
644 1963 721 1993 that
737 1963 818 2003 they
835 1963 921 1993 have
937 1966 997 1993 not
1012 1961 1056 1993 au
1070 1966 1130 2003 got
1145 1961 1204 1993 the
1218 1971 1311 1992 same
1331 1960 1412 1993 kind

239 2006 276 2038 of
289 2006 399 2043 blood,
415 2016 451 2037 as
466 2006 508 2037 all
525 2006 602 2036 land
619 2005 761 2036 animals
776 2005 885 2036 have.’

243 2069 313 2115 436
