1482 2312
143 684 184 714 56

145 1049 185 1077 57

149 1557 190 1586 58

402 141 591 179 PLINY:
643 141 906 178 NATURAL
944 140 1177 178 HISTORY

206 257 281 281 uva
310 243 566 293 dependente
595 246 635 279 in
665 243 845 280 domibus
874 242 1129 292 templisque,
1158 254 1277 291 saepe
1308 254 1373 278 ex-

206 319 316 366 piata
339 319 492 367 magnis
517 316 737 353 eventibus.
790 315 929 352 sedere
952 317 992 350 in
1015 327 1082 351 ore
1104 313 1265 350 infantis
1287 318 1374 350 tum

207 391 329 425 etiam
359 388 553 432 Ptatonis,
581 391 821 424 suavitatem
846 387 955 423 illam
984 386 1204 436 praedulcis
1232 385 1374 435 eloquii

205 461 513 510 portendentes;
556 460 695 497 sedere
724 463 764 496 in
793 462 931 496 castris
972 459 1089 496 Drusi
1129 460 1376 508 imperatoris

207 546 297 569 cum
331 536 592 582 prosperrime
627 538 850 583 pugnatum
885 532 992 581 apud
1026 530 1268 567 Arbalonem
1303 535 1377 574 est,

208 605 305 642 haut
331 618 530 655 quaquam
555 611 750 655 perpetua
774 604 1024 654 haruspicum
1048 605 1288 647 coniectura,
1311 604 1376 652 qui

209 677 338 714 dirum
358 678 398 714 id
417 683 620 714 ostentum
641 680 872 714 existimant
893 689 1060 726 semper.
1115 676 1214 712 duce
1234 687 1376 725 prenso

208 756 340 787 totum
372 756 536 787 tenetur
568 763 726 800 agmen,
760 752 901 786 amisso
934 748 1123 786 dilabitur
1154 750 1378 797 migratque

210 822 262 859 ad
279 822 397 866 ali0s3
429 836 515 859 esse
534 826 672 872 utique
691 825 774 859 sine
793 835 888 872 rege
906 834 985 858 non
1003 826 1179 871 possunt.
1233 822 1379 856 invitae

210 901 346 932 autem
373 898 618 932 interemunt
647 908 712 931 eos
740 908 829 931 cum
856 893 988 944 plures
1015 892 1142 937 fuere,
1168 895 1379 942 potiusque

210 970 458 1005 nascentium
475 968 611 1005 domos
628 967 801 1004 diruunt.
855 969 885 1003 si
903 971 1117 1016 proventus
1134 965 1381 1015 desperatur,

210 1046 306 1077 tunc
334 1046 375 1077 et
400 1040 509 1077 fucos
536 1041 715 1090 abigunt.
770 1052 1011 1089 quamquam
1039 1044 1080 1075 et
1106 1038 1157 1075 de
1182 1037 1241 1075 his
1268 1036 1382 1074 video

211 1113 385 1150 dubitari
414 1116 696 1162 propriumque
724 1115 769 1149 iis
798 1125 923 1162 genus
954 1124 1038 1148 esse
1069 1110 1220 1160 aliquos
1250 1112 1382 1147 existi-

212 1199 335 1230 mare,
354 1188 455 1222 sicut
474 1184 639 1230 furibus,
658 1184 927 1235 grandissimis
946 1186 1051 1221 inter
1068 1183 1155 1220 illos
1175 1182 1246 1220 sed
1263 1185 1383 1232 nigris

210 1258 374 1309 lataque
411 1258 512 1302 alvo,
548 1260 606 1294 ita
642 1257 854 1307 appellatis
891 1259 983 1306 quia
1019 1255 1156 1292 furtim
1192 1254 1383 1292 devorent

213 1330 347 1368 mella.
399 1337 553 1368 certum
576 1336 636 1367 est
658 1331 708 1366 ab
731 1330 869 1380 apibus
891 1328 1000 1366 fucos
1021 1328 1211 1371 interfici3
1245 1330 1383 1377 utique

215 1417 351 1454 regem
380 1417 459 1440 non
490 1403 641 1440 habent
675 1416 802 1452 aequo
832 1401 1002 1444 modo¹;
1044 1400 1105 1438 si²
1135 1403 1219 1437 sine
1248 1399 1384 1436 aculeo

214 1481 428 1513 nascantur
447 1478 487 1512 in
509 1478 742 1526 quaestione
765 1480 837 1512 est.

267 1548 413 1586 Umido
453 1562 545 1585 vere
584 1547 724 1585 melior
761 1547 882 1591 fetus,
921 1549 1022 1583 sicco
1062 1545 1142 1582 mel
1180 1547 1383 1595 copiosius.

216 1621 323 1672 quod
341 1624 372 1658 si
392 1620 540 1658 defecit
559 1621 710 1671 aliquas
730 1619 836 1657 alvos
855 1619 979 1663 cibus,
994 1621 1189 1668 impetum
1204 1620 1243 1654 in
1257 1620 1386 1667 proxi-

216 1707 300 1730 mas
343 1693 495 1730 faciunt
539 1696 702 1743 rapinae
746 1694 969 1742 proposit03
1028 1696 1070 1727 at
1112 1690 1205 1727 illae
1248 1695 1386 1726 contra

216 1767 391 1817 dirigunt
410 1769 549 1810 aciem,
569 1772 610 1803 et
628 1769 659 1802 si
677 1771 809 1802 eustos
828 1764 945 1808 adsit,
963 1763 1157 1800 alterutra
1175 1775 1265 1812 pars
1284 1775 1386 1812 quae

217 1840 289 1876 sibi
314 1838 448 1876 favere
477 1841 599 1875 sensit
619 1851 697 1874 non
717 1837 872 1887 adpetit
889 1849 992 1873 eum.
1047 1849 1096 1873 ex
1119 1835 1204 1871 aliis
1227 1847 1385 1884 quoque

371 1959 385 2018 ἐ
409 1968 518 2031 aeg&
537 1957 638 2031 IJOdO
657 1967 732 1988 cum
746 1966 855 1996 praec.
877 1955 945 1988 edd.
963 1967 969 1986 :
995 1958 1029 1986 et
1047 1964 1115 1996 quo
1134 1953 1244 1985 modo.

406 2011 434 2031 ει
516 2024 523 2030 .
567 2010 621 2030 an.

219 2063 288 2107 466
