1482 2312
130 270 191 302 188

128 1029 187 1061 189

127 1514 188 1546 190

410 161 574 200 PLINY
589 176 598 200 :
648 162 909 201 NATURAL
946 162 1179 201 HISTORY

265 264 430 302 LXXII.
459 264 540 302 Sub
575 278 622 303 eo
657 265 789 316 pulmo
825 271 886 302 est
921 265 1172 316 spirandique
1208 264 1374 309 officina,

215 334 419 372 attrahens
441 348 485 371 ac
506 334 674 372 reddens
697 337 881 378 animam,
902 334 1046 371 idcirco
1067 348 1308 385 spongeosus
1330 348 1375 371 ac

216 403 353 440 fistulis
379 404 559 440 inanibus
585 417 714 440 cavus.
768 417 894 453 pauca
921 416 1025 447 eum,
1052 409 1097 440 ut
1123 403 1275 440 dictum
1301 409 1375 447 est,

214 471 364 509 habent
409 471 610 522 aquatilia,
654 477 788 509 cetera
833 485 905 508 ova
950 474 1144 522 parientia
1189 474 1375 522 exiguum

213 553 519 591 spumosumque
553 554 625 578 nec
658 544 939 591 sanguineum;
986 540 1075 578 ideo
1108 554 1186 577 non
1224 543 1375 577 sitiunt.

214 610 356 647 eadem
374 616 434 647 est
450 623 568 647 causa
585 623 706 660 quare
724 611 795 647 sub
814 624 916 660 aqua
932 610 1000 647 diu
1016 623 1134 647 ranae
1153 616 1194 647 et
1225 609 1376 660 phocae

213 682 430 717 urinentur.
486 679 646 716 testudo
678 693 848 730 quoque,
881 682 1057 730 quamvis
1088 679 1375 730 praegrandem

214 754 255 785 et
277 749 349 785 sub
371 754 457 785 toto
480 754 714 799 tegumento
737 748 897 793 habeat,
920 751 1003 786 sine
1026 751 1216 799 sanguine
1240 754 1375 785 tamen

212 817 345 854 habet.
400 823 549 868 quanto
570 820 695 854 minor
716 817 777 854 hic
802 819 1026 868 corporibus
1052 823 1165 854 tanto
1192 817 1377 855 velocitas

213 889 346 924 maior.
400 886 669 924 chamaeleoni
719 890 899 937 portione
948 890 1142 924 maximus
1191 892 1233 924 et
1282 886 1375 923 nihil

213 955 319 993 aliud
342 958 458 993 intus.

264 1025 450 1062 LXXIII.
482 1025 594 1062 Iecur
622 1028 661 1062 in
681 1025 847 1062 dextera
874 1031 987 1076 parte
1016 1031 1099 1069 est3
1136 1027 1176 1062 in
1205 1038 1251 1062 eo
1271 1025 1377 1076 quod

211 1101 330 1145 caput
383 1100 564 1132 extorum
616 1100 773 1138 vocant,
824 1108 992 1146 magnae
1045 1097 1259 1132 varietatis.
1316 1094 1373 1131 M.

215 1163 403 1201 Marcello
436 1167 538 1201 circa
571 1171 753 1208 mortem,
786 1178 874 1201 curn
906 1167 1024 1215 periit
1057 1165 1106 1201 ab
1140 1165 1376 1209 Hannibale,

211 1234 339 1270 defuit
383 1236 422 1270 in
467 1236 591 1278 extis3
650 1236 832 1284 sequenti
877 1234 1020 1271 deinde
1064 1234 1129 1271 die
1173 1237 1376 1285 geminum

211 1309 413 1353 repertum
447 1309 519 1340 est.
554 1302 682 1340 defuit
715 1309 756 1340 et
790 1303 831 1340 C.
870 1303 997 1340 Mario
1030 1317 1119 1340 cum
1152 1303 1374 1340 immolaret

212 1371 370 1416 Uticae,
407 1374 504 1409 item
543 1372 641 1409 Gaio
679 1375 842 1422 principi
880 1372 955 1408 kal.
997 1373 1095 1417 Ian.‚
1132 1386 1221 1409 cum
1259 1374 1375 1409 iniret

211 1441 457 1477 consulatum
478 1455 554 1491 quo
575 1455 676 1477 anno
696 1441 928 1478 interfectus
949 1447 1023 1486 est,
1044 1441 1206 1478 Claudio
1226 1455 1376 1479 succes-

211 1513 286 1546 sori
314 1513 396 1547 eius
425 1524 501 1560 quo
528 1524 663 1548 mense
690 1513 953 1561 interemptus
981 1517 1041 1548 est
1068 1524 1231 1548 veneno.
1287 1511 1376 1548 divo

212 1581 394 1630 Augusto
412 1579 561 1630 Spoleti
579 1580 813 1617 sacrificanti
829 1583 955 1630 primo
972 1583 1183 1630 potestatis
1200 1594 1294 1618 suae
1311 1581 1375 1618 die

211 1662 278 1686 sex
302 1651 550 1686 victimarum
572 1652 741 1686 iocinera
762 1649 952 1700 replicata
972 1652 1205 1686 intrinsecus
1227 1651 1277 1687 ab
1298 1653 1376 1687 ima

211 1718 308 1754 fibra
327 1724 486 1768 reperta
505 1725 610 1762 sunt,
630 1732 939 1770 responsumque
960 1719 1252 1769 duplicaturum
1271 1721 1375 1756 intra

210 1800 356 1823 annum
399 1790 618 1837 imperium.
683 1794 803 1838 caput
843 1794 1025 1825 extorum
1064 1791 1187 1825 tristis
1227 1792 1373 1826 ostenti

209 1869 367 1893 caesum
390 1870 546 1906 quoque
569 1863 643 1901 est,
664 1863 944 1907 praeterquam
971 1860 1010 1893 in
1038 1857 1300 1894 sollicitudine
1329 1871 1373 1895 ae

257 1972 270 1986 ⁰
295 1969 374 2000 This
390 1970 417 2000 is
433 1974 492 2000 not
509 1970 566 2000 the
582 1980 666 2001 case.
810 1969 821 1987 ”
846 1970 907 2001 208
927 1980 991 2001 Bc.
1139 1975 1150 1988 ⁶
1176 1971 1235 2001 107
1256 1978 1319 2001 B-C.

292 2011 305 2029 ἀ
329 2011 492 2052 Caligula,
512 2012 689 2043 murdered
706 2023 776 2043 ΑΛ).
797 2014 847 2043 41.
970 2016 981 2031 ⁰
1004 2012 1042 2043 13
1059 2011 1133 2043 Oct.
1148 2020 1218 2043 ΔΛ).
1233 2013 1286 2043 54.

206 2083 276 2120 550
