1482 2312
197 453 217 483 8

172 1751 211 1782 10

436 127 600 166 PLINY
615 141 624 164 t
673 127 935 166 NATURAL
969 126 1202 165 HISTORY

239 231 380 269 beluae
418 230 469 266 ibi
508 233 545 266 in
583 236 731 267 terram
768 234 988 279 pastaeque
1026 228 1175 266 radices
1214 229 1400 265 fruticum

240 308 441 347 remeant3
475 307 516 339 et
536 301 732 352 quaedam
753 314 958 351 equorum,
974 302 1186 344 asinorum,
1199 306 1403 337 taurorum

238 375 433 425 capitibus
451 387 553 424 quae
570 373 838 424 depascuntur
853 379 952 410 sata.

290 447 363 484 ΙΙΙ.
397 448 618 484 Maximum
651 444 797 482 animal
830 448 867 481 in
903 444 1037 481 Indico
1070 448 1166 482 mari
1200 447 1330 493 pristis
1363 450 1405 482 et

241 519 421 557 ballaena
451 524 526 561 est,
559 521 598 554 in
627 517 779 554 Gallico
817 530 965 554 oceano
1004 515 1194 567 physeter
1233 518 1404 567 ingentis

237 591 444 628 columnae
475 590 592 628 modo
615 603 657 627 se
679 589 868 626 attollens
894 588 1090 639 altiorque
1122 591 1279 625 navium
1311 588 1406 625 velis

238 664 425 701 diluviem
439 662 639 713 quandam
652 668 850 705 eructans,
863 664 901 698 in
916 660 1117 698 Gadjtano
1129 673 1278 697 oceano
1290 660 1406 697 arbor

240 739 277 772 in
301 741 459 772 tantum
484 737 603 772 vastis
626 734 811 783 dispansa
834 736 952 770 ramis
976 739 1020 770 ut
1044 746 1094 770 ex
1117 746 1166 770 ea
1187 745 1308 769 causa
1330 732 1405 769 fre-

238 814 324 845 tum
344 820 560 857 numquam
579 809 746 843 intrasse
766 805 963 842 credatur.
1017 810 1213 855 apparent
1233 810 1274 842 et
1294 810 1406 841 rotae

239 880 465 930 appellatae
496 893 519 915 a
550 878 821 922 similitudine,
853 879 1055 928 quaternis
1086 876 1299 914 distinctae
1331 875 1406 913 hae

238 952 370 996 radiis,
418 951 606 989 modiolos
654 963 790 988 earum
837 949 958 986 oculis
1004 948 1157 986 duobus
1205 951 1405 999 utrimque

235 1024 525 1062 claudentibus.

287 1096 352 1133 IV.
381 1096 538 1133 Tiberio
593 1097 756 1145 principi
813 1095 1011 1130 nuntiavit
1066 1093 1404 1143 Olisiponensium

237 1168 384 1219 legatio
414 1168 464 1205 ob
495 1167 533 1204 id
565 1169 681 1203 missa
712 1169 836 1203 visum
867 1165 1128 1215 auditumque
1159 1167 1198 1201 in
1229 1164 1401 1214 quodam

238 1254 358 1291 specu
405 1239 553 1277 concha
600 1244 811 1276 canentem
848 1237 1052 1274 Tritonem
1103 1250 1180 1287 qua
1232 1239 1404 1273 noscitur

238 1312 376 1350 forma.
434 1317 475 1349 et
505 1310 720 1348 Nereidum
750 1309 848 1346 falsa
875 1322 952 1346 non
982 1315 1057 1353 est,
1084 1311 1256 1359 squamis
1288 1308 1404 1345 modo

238 1384 390 1434 hispido
423 1397 584 1433 corpore
618 1386 740 1419 etiam
774 1395 852 1432 qua
886 1381 1098 1418 humanam
1132 1381 1303 1431 effigiem
1337 1380 1401 1417 ha-

236 1458 355 1500 bent3
400 1469 570 1505 namque
601 1454 699 1491 haec
728 1457 767 1490 in
798 1453 939 1490 eodem
969 1458 1152 1503 spectata
1182 1452 1295 1489 litore
1326 1459 1401 1495 est,

236 1531 344 1566 cuius
395 1529 598 1564 morientis
649 1529 770 1564 etiam
821 1532 982 1562 cantum
1034 1527 1191 1562 tristem
1242 1524 1401 1561 accolae

237 1601 422 1638 audivere
455 1599 594 1650 longe;
642 1604 682 1635 et
715 1598 805 1635 divo
839 1598 1022 1647 Augusto
1056 1596 1212 1647 legatus
1247 1595 1402 1633 Galliae

235 1672 455 1722 complures
495 1674 534 1708 in
574 1670 688 1707 litore
729 1682 920 1720 apparere
962 1671 1163 1706 exanimes
1206 1668 1398 1705 Nereidas

235 1746 401 1794 scripsit.
458 1744 651 1780 Auctores
673 1741 802 1778 habeo
825 1743 864 1777 in
888 1743 1062 1791 equestri
1086 1740 1222 1777 ordine
1247 1740 1400 1790 splend-

237 1822 350 1854 entes
367 1818 491 1852 visum
508 1816 558 1851 ab
574 1814 631 1851 his
648 1817 687 1850 in
703 1813 902 1850 Gaditano
918 1826 1066 1851 oceano
1081 1814 1275 1848 marinum
1293 1811 1399 1848 hom-

238 1891 343 1925 inem
364 1893 450 1924 toto
470 1900 630 1936 corpore
659 1885 840 1922 absoluta
868 1884 1146 1926 similitudine;
1189 1883 1402 1920 ascendere

237 1973 327 1997 eum
364 1962 518 2009 navigia
542 1960 741 1995 nocturnis
762 1957 1006 2007 temporibus
1026 1958 1243 2006 statimque
1263 1955 1402 2006 degra-

241 2032 309 2069 168
