1482 2312
175 662 212 693 14

172 1217 211 1248 15

173 1632 212 1663 16

435 136 599 174 PLINY
614 151 622 174 ι
672 136 932 175 NATURAL
967 136 1202 175 HISTORY

238 241 375 291 poenis
406 238 615 283 invalidae,
648 238 773 276 solum
806 238 995 276 auxilium
1028 251 1172 276 novere
1204 241 1244 275 in
1276 238 1401 276 altum

238 308 449 359 profugere
483 314 525 345 et
557 321 599 345 se
632 308 753 346 tuto1
787 307 1004 345 defendere
1037 321 1196 344 oceano.
1262 313 1401 345 contra

238 390 441 415 occurrere
478 377 659 414 laborant
696 389 863 427 seseque
901 390 1101 427 opponere
1139 382 1180 413 et
1217 383 1401 414 caveatas

238 450 429 498 angustiis
455 447 666 491 trucidare,
693 449 731 482 in
757 446 858 483 vada
884 459 1067 496 urguere,
1093 449 1196 483 saxis
1222 446 1399 484 inlidere.

237 522 469 568 spectantur
486 529 533 553 ea
550 515 697 566 proelia
714 528 787 553 ceu
805 518 901 552 mari
920 517 991 565 ipsi
1010 516 1081 552 sibi
1098 517 1214 560 irato,
1232 515 1345 552 nullis
1362 518 1401 552 in

237 589 323 623 sinu
363 588 504 630 ventis,
542 585 725 622 fluctibus
765 598 856 621 vero
894 584 943 621 ad
983 583 1180 621 anhelitus
1218 587 1400 635 ictusque

239 662 407 706 quantos
440 654 534 692 nulli
569 655 746 691 turbines
780 654 948 691 volvant.
1014 667 1105 690 orca
1138 661 1180 691 et
1211 656 1250 690 in
1284 660 1401 704 portu

239 726 411 763 Ostiensi
451 727 533 761 visa
571 730 632 761 est
670 729 902 774 oppugnata
939 737 962 759 a
1001 723 1165 760 Claudio
1203 725 1400 773 principe3

239 801 401 832 venerat
428 800 513 830 tum
541 793 829 830 exaedificante
856 806 903 830 eo
929 798 1086 843 portum
1114 795 1281 829 invitata
1307 806 1399 829 nau-

239 863 371 914 fragiis
394 870 596 914 tergorum
621 863 875 900 advectorum
900 875 921 899 e
945 861 1086 906 Gallia,
1109 864 1336 912 satiansque
1359 875 1401 898 se

238 946 308 984 per
321 933 541 983 complures
555 933 639 969 dies
654 932 808 969 alveum
823 934 862 968 in
877 931 977 968 vado
991 931 1211 968 sulcaverat
1225 936 1401 968 attumu-

238 1003 319 1040 lata
350 1002 533 1039 fluctibus
565 1004 604 1038 in
637 1007 794 1038 tantum
826 1007 870 1038 ut
902 1002 1114 1051 circumagi
1147 1000 1253 1037 nullo
1284 1000 1401 1037 modo

237 1078 370 1123 posset
391 1078 445 1116 et,
465 1072 560 1109 dum
580 1074 757 1122 saginam
778 1072 1029 1121 persequitur
1047 1072 1087 1106 in
1106 1069 1198 1106 litus
1218 1069 1402 1107 fluctibus

237 1141 476 1192 propulsam,
518 1143 712 1178 emineret
754 1140 867 1177 dorso
909 1139 1078 1176 multum
1119 1151 1237 1189 supra
1278 1152 1400 1189 aquas

237 1214 393 1248 carinae
411 1213 492 1248 vice
509 1213 696 1247 inversae.
754 1208 961 1260 praetendi
977 1210 1090 1245 iussit
1106 1208 1251 1245 Caesar
1264 1208 1401 1259 plagas

238 1280 475 1331 multiplices
497 1282 601 1316 inter
623 1293 690 1316 ora
712 1284 861 1329 portus,
891 1277 1171 1328 profectusque
1201 1280 1284 1327 ipse
1312 1291 1400 1315 cum

236 1351 496 1400 praetorianis
518 1347 744 1385 cohortibus
765 1347 910 1398 populo
932 1348 1109 1384 Romano
1130 1346 1400 1396 spectaculum

237 1419 421 1470 praebuit
441 1418 597 1455 lanceas
617 1423 859 1467 congerente
880 1416 1006 1453 milite
1033 1429 1054 1453 e
1081 1417 1245 1466 navigiis
1272 1415 1400 1452 adsul-

237 1489 429 1531 tantibus,
449 1501 615 1538 quorum
636 1500 758 1523 unum
778 1488 903 1537 mergi
919 1485 1086 1522 vidimus
1101 1484 1243 1522 reflatu
1258 1484 1400 1522 beluae

237 1557 442 1607 oppletum
463 1556 581 1594 unda.

288 1626 355 1662 VI.
385 1626 466 1663 Ora
497 1625 702 1663 ballaenae
735 1624 886 1662 habent
917 1627 957 1660 in
989 1623 1198 1668 frontibus,
1229 1623 1399 1673 ideoque

237 1708 390 1732 summa
426 1708 528 1744 aqua
564 1700 750 1731 natantes
785 1696 824 1730 in
860 1692 1027 1730 sublime
1063 1692 1215 1729 nimbos
1251 1691 1397 1729 efflant.

237 1766 387 1815 spirant
405 1770 541 1801 autem
558 1763 802 1801 confessione
821 1764 995 1799 omnium
1014 1767 1056 1799 et
1073 1763 1307 1812 paucissima
1324 1760 1400 1798 alia

585 1851 595 1869 1
622 1848 794 1889 Mayhoff:
819 1852 895 1879 tute
910 1852 967 1878 aut
982 1851 1069 1879 toto.

383 1956 397 1970 ¹²
418 1952 500 1984 This
514 1951 541 1982 is
555 1951 724 1992 unlikely3
753 1951 780 1981 it
794 1960 862 1981 was
876 1949 1042 1992 probably
1056 1960 1076 1981 a
1091 1948 1253 1981 cachalot.

382 1993 394 2012 ⁶
417 1994 580 2036 Emperor
594 2003 665 2025 ΑΛ).
679 1995 800 2025 41-54.

239 2051 303 2088 172
