1482 2312
417 138 582 176 PLINY
596 152 605 176 z
656 138 919 176 NATURAL
955 137 1190 176 HISTORY

137 250 198 283 182
220 249 349 297 pariat
367 249 621 297 praecipuam
644 249 750 284 vitae
773 259 933 284 causam
956 252 998 284 et
1021 249 1225 297 originem.
1260 248 1386 296 prima

136 890 196 922 183

138 1275 198 1307 184

139 1596 199 1627 185

222 310 418 347 domicilia
440 313 545 348 intra
567 323 609 348 se
634 313 764 348 animo
785 316 827 347 et
846 313 1026 361 sanguini
1045 311 1212 361 praebet
1232 312 1387 348 sinuoso

222 387 342 425 specu
366 381 408 411 et
433 376 474 411 in
498 377 651 425 magnis
673 374 905 411 animalibus
930 374 1089 424 triplici,
1113 376 1154 410 in
1179 374 1284 411 nullo
1309 388 1388 411 non

221 441 401 489 gemino3
455 439 508 475 ibi
545 452 656 475 mens
693 437 860 475 habitat.
927 452 976 475 ex
1012 438 1086 475 hoc
1128 437 1237 475 fonte
1286 438 1388 475 duae

222 502 390 552 grandes
412 516 534 539 venae
554 505 594 539 in
612 505 741 553 priora
758 502 770 525 ¹
791 508 833 539 et
851 508 966 553 terga
983 503 1220 546 discurrunt,
1239 515 1390 553 sparsa-

222 579 300 616 que
322 579 519 603 ramorum
541 569 640 603 serie
663 580 733 616 per
755 566 849 603 alias
872 569 1041 603 minores
1064 567 1243 603 omnibus
1266 579 1388 603 mem-

221 630 300 666 bris
322 630 483 667 vitalem
504 633 737 681 sanguinem
757 633 900 681 rigant.
956 630 1081 667 solum
1101 629 1175 667 hoc
1195 633 1389 667 viscerum

222 696 325 730 vitiis
363 707 441 731 non
478 701 722 738 maceratum
764 708 836 732 nec
875 695 1065 745 supplicia
1105 697 1210 731 vitae
1251 693 1389 738 trahit,

223 757 452 808 laesumque
489 765 659 795 mortem
696 758 783 795 ilico
821 758 963 796 adfert.
1018 760 1160 796 ceteris
1197 760 1389 809 corruptis

221 822 392 859 vitalitas
415 825 456 859 in
478 823 594 859 corde
619 823 746 860 durat.

272 886 394 923 LXX.
424 886 546 923 Bruta
560 889 839 924 existimantur
852 887 1079 924 animalium
1093 888 1233 937 quibus
1247 886 1389 924 dm‘um

222 953 339 1001 riget,
377 951 542 988 audacia
578 952 719 1001 quibus
756 965 920 1002 parvum
958 957 1032 995 est,
1069 951 1212 1002 pavida
1249 951 1390 1001 quibus

222 1015 490 1065 praegrande3
526 1018 743 1052 maximum
764 1021 899 1052 autem
920 1022 981 1052 est
1000 1018 1180 1066 portione
1201 1015 1390 1059 muribus,

223 1077 359 1129 lepori,
384 1081 506 1123 asino,
531 1092 659 1123 cervo,
683 1079 916 1130 pantherae,
940 1079 1133 1124 mustelis,
1158 1078 1323 1130 hyaenis
1348 1084 1390 1116 et

222 1144 401 1180 omnibus
429 1149 496 1180 aut
515 1142 530 1165 '²
556 1144 704 1180 timidis
730 1150 799 1180 aut
824 1150 987 1194 propter
1012 1149 1165 1181 metum
1190 1143 1388 1180 maleficis.

223 1209 261 1243 in
289 1205 558 1258 Paphlagonia
583 1208 676 1244 bina
702 1208 924 1258 perdicibus
951 1208 1080 1245 corda.
1133 1210 1173 1244 in
1199 1220 1389 1257 equorum

223 1276 263 1307 et
290 1271 410 1308 boum
435 1285 521 1308 ossa
547 1275 797 1322 reperiuntur
823 1272 1034 1309 interdum.
1085 1274 1219 1323 augeri
1249 1271 1290 1308 id
1319 1284 1390 1322 per

223 1335 395 1386 singulos
415 1349 535 1372 annos
555 1338 595 1372 in
613 1335 771 1373 homine
791 1342 832 1373 et
850 1337 961 1373 binas
981 1335 1186 1373 drachmas
1205 1336 1389 1386 ponderis

223 1399 273 1436 ad
293 1402 691 1450 quinquagensimum
710 1414 857 1437 annum
876 1400 1078 1445 accedere,
1098 1401 1148 1437 ab
1168 1413 1214 1437 eo
1233 1399 1388 1437 detrahi

223 1464 475 1507 tantundem,
496 1470 537 1500 et
556 1464 645 1501 ideo
666 1478 743 1501 non
756 1467 886 1501 w'vere
899 1464 1099 1501 hominem
1112 1464 1215 1501 ultra
1227 1470 1388 1501 centen-

223 1530 365 1564 simum
397 1541 543 1564 annum
574 1528 736 1565 defectu
766 1529 891 1565 cordis
923 1530 1113 1579 Aegyptii
1146 1531 1389 1573 existimant,

224 1592 364 1642 quibus
388 1606 471 1629 mos
495 1599 556 1629 est
579 1593 772 1629 cadavera
795 1593 1001 1630 adservare
1022 1593 1230 1630 medicata.
1286 1592 1389 1629 hirto

224 1656 340 1693 corde
365 1659 474 1707 gigni
501 1657 691 1706 quosdam
717 1656 894 1694 homines
920 1657 1112 1707 proditur,
1138 1670 1268 1707 neque
1294 1656 1388 1693 alios

224 1719 392 1757 fortioris
407 1734 491 1757 esse
505 1721 844 1765 industriae‚sicut
852 1722 1133 1758 Aristomenen
1143 1720 1388 1758 Messenium

412 1839 422 1857 ¹
449 1839 499 1869 ολ.
517 1848 641 1879 prorsa.
819 1840 829 1857 ²
854 1844 915 1870 aut
930 1838 1004 1869 add.
1023 1838 1198 1869 Rackham.

591 1994 604 2008 ⁶
627 1990 748 2031 Really
766 1991 793 2021 it
810 1991 836 2022 is
852 1990 1025 2022 four-sold.

223 2053 292 2100 546
