1482 2312
165 596 203 627 17

168 1122 205 1153 18

426 136 591 175 PLINY
605 150 614 175 :
663 136 925 175 NATURAL
959 135 1194 174 HISTORY

227 242 268 276 in
320 242 418 276 mari
471 252 573 289 quae
624 241 870 275 internorum
921 240 1115 275 viscerum
1166 237 1395 288 pulmonem

228 297 392 342 habent,
433 299 619 347 quoniam
658 300 742 334 sine
783 310 830 334 eo
870 299 1018 346 spirare
1059 296 1203 332 animal
1245 296 1395 332 nullum

228 362 404 406 putatur.
448 369 521 392 nec
542 357 707 405 piscium
729 354 937 392 branchias
959 354 1154 391 habentes
1177 353 1396 391 anhelitum

228 414 395 451 reddere
413 427 456 451 ac
472 427 543 464 per
558 416 661 450 vices
678 416 853 463 recipere
870 415 1100 449 existimant
1117 426 1283 462 quorum
1298 411 1396 449 haec

229 475 360 523 opinio
393 478 467 517 est,
499 485 571 509 nec
603 471 729 508 multa
761 471 837 508 alia
867 484 1015 521 genera
1047 473 1169 508 etiam
1201 470 1396 508 branchiis

229 533 419 575 carentia,
436 532 476 566 in
494 544 573 580 qua
590 532 792 567 sententia
809 529 928 566 fuisse
947 529 1206 566 Aristotelem
1224 529 1338 566 video
1356 535 1397 566 et

229 589 364 626 multis
393 591 633 640 persuasisse
663 589 867 625 doctrinae
897 587 1178 638 indaginibus}
1232 601 1304 625 nec
1333 601 1397 624 me

229 650 407 698 protinus
422 646 512 684 huic
527 649 699 697 opinioni
716 659 851 683 eorum
866 646 1056 683 accedere
1071 645 1169 683 haut
1183 645 1398 687 dissimulo,

230 708 417 756 quoniam
449 711 492 742 et
523 704 755 755 pulmonum
789 706 873 741 vice
907 704 983 740 alia
1015 706 1167 754 possint
1199 703 1399 754 spirabilia

230 767 358 801 inesse
386 767 535 801 viscera
562 766 618 800 ita
646 763 804 800 volente
833 769 989 806 natura,
1017 765 1119 799 sicut
1147 768 1188 799 et
1214 776 1285 813 pro
1312 776 1398 799 san-

229 826 349 874 guine
369 829 430 860 est
449 822 583 859 multis
603 822 700 859 alius
720 835 843 859 umor.
898 824 938 858 in
957 835 1080 871 aquas
1099 821 1260 872 quidem
1278 834 1399 872 pene·

230 888 336 918 trare
365 881 525 918 vitalem
552 880 655 918 hunc
682 880 849 917 halitum
877 883 963 930 quis
990 882 1156 916 miretur
1182 882 1248 930 qui
1276 881 1399 916 etiam

230 940 342 977 reddi
370 941 420 977 ab
447 939 506 976 his
534 953 625 976 eum
652 945 789 976 cernat
817 945 859 976 et
885 941 916 975 is
944 944 1069 975 terras
1097 951 1255 988 quoque
1283 943 1397 974 tanto

231 1001 453 1049 spissiorem
496 1004 664 1035 naturae
707 1004 863 1048 partem
906 1003 1118 1048 penetrare
1161 1002 1398 1047 argumento

231 1057 459 1094 animalium
483 1069 585 1107 quae
609 1069 766 1106 semper
788 1055 945 1093 defossa
968 1058 1119 1100 vivunt,
1142 1068 1215 1092 ceu
1237 1054 1399 1105 talpae?

231 1116 426 1153 accedunt
455 1115 559 1166 apud
588 1128 652 1152 me
680 1121 788 1152 certe
817 1114 989 1152 efficacia
1016 1119 1061 1151 ut
1089 1113 1247 1150 credam
1277 1116 1398 1150 etiam

232 1177 363 1211 omnia
389 1176 428 1210 in
455 1176 566 1224 aquis
593 1176 740 1224 spirare
768 1179 934 1210 naturae
961 1185 1056 1209 suae
1083 1178 1202 1216 sorte,
1229 1174 1399 1222 primum

233 1232 424 1269 adnotata
450 1235 615 1282 piscium
643 1234 793 1269 aestivo
819 1231 947 1268 calore
975 1230 1172 1281 quaedam
1199 1229 1400 1267 anhelatio

233 1296 274 1328 et
294 1290 369 1327 alia
387 1290 600 1340 tranquillo
620 1290 728 1327 velut
748 1292 943 1334 oscitatio,
962 1291 1135 1339 ipsorum
1155 1301 1312 1338 quoque
1332 1291 1398 1338 qui

233 1356 324 1386 sunt
342 1352 381 1385 in
400 1349 564 1386 adversa
583 1351 766 1399 opinione
785 1348 835 1385 de
854 1361 991 1384 somno
1009 1350 1174 1398 piscium
1193 1346 1400 1391 confessio,

233 1410 369 1457 —quis
423 1410 527 1444 enim
580 1410 663 1444 sine
714 1409 972 1456 respiratione
1028 1418 1164 1443 somno
1216 1404 1322 1442 locus
1336 1406 1400 1441 ?——

233 1472 442 1516 praeterea
482 1465 719 1502 bullantium
760 1478 953 1514 aquarum
993 1464 1161 1501 sufflatio
1203 1463 1399 1513 lunaeque

234 1523 376 1561 effectu
415 1523 649 1560 concharum
707 1536 865 1573 quoque
921 1536 1084 1573 corpora
1129 1524 1397 1573 augescentia.

234 1595 350 1632 super
383 1585 513 1619 omnia
547 1588 607 1619 est
641 1581 747 1632 quod
780 1594 865 1618 esse
900 1581 1080 1618 auditum
1114 1586 1156 1617 et
1189 1580 1397 1617 odoratum

233 1642 403 1690 piscibus
420 1654 497 1677 non
514 1643 588 1678 erit
601 1641 780 1685 dubium,
797 1653 846 1677 ex
863 1643 963 1677 aeris
978 1646 1193 1690 utrumque
1208 1641 1398 1676 materia:

539 1743 551 1762 ²
575 1742 731 1774 doctrina
746 1742 934 1783 insignibus
955 1742 1094 1773 Urlichs.

274 1850 288 1864 ⁰
313 1845 400 1876 Hist.
422 1845 489 1876 An.
512 1845 599 1876 VIII
620 1846 639 1876 2
662 1845 735 1876 init.

272 1888 283 1906 h
307 1888 337 1918 A
351 1887 557 1928 conjectural
574 1888 709 1918 variant
722 1888 815 1928 gives
830 1887 837 1899 ‘
853 1887 922 1918 and
937 1886 1060 1918 caused
1072 1890 1110 1918 to
1124 1886 1166 1917 be
1178 1885 1341 1927 accepted
1355 1886 1395 1928 by

229 1941 331 1971 many
351 1930 597 1971 distinguished
615 1930 771 1961 savants?

275 1979 287 1993 ⁰
310 1973 441 2014 Pliny’s
457 1973 657 2014 judgement
676 1974 703 2003 is
722 1972 902 2004 confirmed
922 1972 967 2013 by
985 1971 1125 2003 modern
1142 1972 1279 2003 seienee.

242 2044 309 2080 174
