1482 2368
120 656 160 686 35

120 1081 160 1111 36

120 1325 159 1354 37

382 179 547 217 PLINY
562 192 570 216 z
621 177 884 215 NATURAL
918 177 1153 215 HISTORY

185 297 253 321 nes
276 296 423 321 mersos
443 282 616 319 insidiari
639 280 882 324 bibentibus,
904 280 1165 330 coortosquel
1189 280 1353 331 inligata

186 358 301 382 manu
327 347 367 380 in
390 357 524 380 aurem
546 355 719 379 morsum
736 341 926 391 defigere,
945 344 1130 390 quoniam
1147 343 1178 378 is
1194 347 1353 378 tantum

186 406 289 442 locus
304 405 462 442 defendi
485 417 562 440 non
583 406 704 453 possit
726 415 869 445 manu3
903 403 1095 439 dracones
1116 415 1201 439 esse
1219 408 1354 439 tantos

186 473 230 503 ut
256 473 387 503 totum
420 468 653 515 sanguinem
680 467 854 513 capiant,
880 466 1017 512 itaque
1045 462 1277 512 elephantos
1305 463 1355 500 ab

184 527 242 564 his
264 528 368 564 ebibi
387 530 631 575 siccatosque
645 525 851 562 concidere
873 530 914 561 et
928 524 1118 561 dracones
1138 525 1354 562 inebriatos

186 591 352 638 opprimi
366 590 630 637 conmorique.

237 649 352 685 XIII.
383 649 560 685 Generat
589 661 654 684 eos
682 647 898 696 Aethiopia
927 646 1071 683 Indicis
1099 659 1228 695 pares,
1256 649 1356 683 vice-

187 724 280 746 num
316 711 561 753 cubitorum3
610 709 650 746 id
685 709 801 745 modo
840 711 983 745 mirum
1027 707 1132 744 unde
1174 710 1356 744 cristatos

188 772 288 808 Iuba
306 771 530 808 crediderit.
585 769 780 807 Asachaei
801 775 993 806 vocantur
1013 768 1231 819 Aethiopes
1251 769 1356 818 apud

187 846 283 882 quos
319 835 492 869 maxime
528 837 757 875 nascuntur,
793 836 1038 880 narrantque
1074 833 1114 867 in
1149 833 1356 867 maritimis

188 907 323 930 eorum
351 900 565 944 quaternos
595 896 813 943 quinosque
842 895 946 929 inter
973 905 1014 929 se
1042 895 1213 928 cratium
1240 892 1357 928 modo

186 955 363 1004 inplexos
404 957 544 991 erectis
583 954 780 1003 capitibus
822 953 1064 990 velificantes
1104 953 1155 990 ad
1194 953 1355 990 meliora

186 1016 333 1064 pabula
350 1016 522 1051 Arabiae
540 1014 626 1051 vehi
647 1015 842 1051 fluctibus.

236 1076 342 1112 XIV.
374 1075 661 1125 Megasthenes
697 1076 833 1111 scribit
869 1078 908 1110 in
940 1075 1053 1112 India
1082 1081 1290 1124 serpentes
1319 1078 1357 1111 in

186 1142 341 1172 tantam
362 1136 680 1185 magnitudinem
700 1136 926 1172 adolescere
946 1142 991 1172 ut
1011 1136 1154 1173 solidos
1174 1136 1357 1173 hauriant

186 1209 319 1233 cervos
366 1202 597 1246 taurosque,
646 1196 901 1233 Metrodorus
948 1200 1051 1233 circa
1098 1196 1357 1247 Rhyndacum

187 1270 346 1294 amnem
366 1260 405 1293 in
427 1257 553 1294 Ponto
574 1258 873 1307 supervolantes
895 1260 1072 1307 quamvis
1093 1257 1175 1294 alte
1194 1261 1358 1307 pernici—

188 1325 331 1369 terque
352 1319 467 1356 alites
487 1318 632 1356 haustu
659 1325 795 1368 raptas
816 1319 1069 1356 absorbeant.
1123 1325 1219 1356 nota
1240 1325 1300 1356 est
1319 1323 1358 1356 in

187 1380 342 1417 Punicis
360 1381 474 1417 bellis
494 1381 545 1417 ad
564 1380 711 1417 flumen
731 1380 955 1430 Bagradam
976 1394 999 1416 a
1018 1380 1172 1430 Regulo
1192 1384 1359 1430 impera—

187 1448 273 1478 tore
319 1442 486 1478 ballistis
533 1445 824 1491 tormentisque
872 1448 916 1478 ut
963 1442 1152 1491 oppidum
1199 1442 1359 1491 aliquod

188 1509 417 1552 expugnata
450 1516 611 1552 serpens
645 1515 714 1540 cxx
747 1503 895 1552 pedum
927 1503 1208 1552 longitudinis3
1244 1503 1357 1552 pellis

188 1566 269 1600 eius
311 1564 577 1613 maxillaeque
619 1577 743 1613 usque
785 1563 836 1600 ad
878 1563 1027 1600 bellum
1069 1563 1356 1600 Numantinum

187 1624 378 1660 duravere
413 1624 562 1661 Romae
596 1627 635 1660 in
668 1625 831 1673 templo.
887 1624 1038 1661 faciunt
1072 1624 1131 1661 his
1166 1625 1284 1662 fidem
1318 1629 1356 1662 in

187 1684 303 1720 Italia
344 1685 571 1734 appellatae
612 1685 744 1721 boae²
775 1688 815 1721 in
855 1691 1012 1722 tantam
1054 1686 1356 1735 amplitudinem

187 1751 379 1782 exeuntes
397 1751 441 1782 ut
458 1746 546 1782 divo
564 1745 730 1782 Claudio
746 1749 922 1795 principe
939 1749 1090 1783 occisae
1107 1750 1146 1783 in
1164 1747 1357 1785 Vaticano

288 1822 301 1884 ζ
323 1822 479 1896 Μῖαἵξιοῇ
491 1833 501 1853 .·
524 1827 766 1864 eoartatosque
782 1826 1039 1864 (contortosque
1054 1824 1241 1865 Deilefsen).

321 1876 349 1896 v.
369 1890 375 1896 .
417 1876 511 1896 ovae.

229 1955 243 1970 ⁰
266 1950 308 1982 In
326 1951 440 1982 Africa
459 1961 539 1982 near
557 1951 670 1988 Utica,
691 1962 766 1983 now
786 1952 845 1983 the
863 1952 1058 1992 Mejerdah3
1084 1953 1147 1984 256
1164 1962 1228 1984 Β.ο.

232 1994 243 2012 ⁶
270 1995 415 2025 142-133
434 2002 511 2030 Bc,
526 1994 687 2036 resulting
704 1995 738 2026 in
750 1995 809 2026 the
825 1995 1158 2037 aoknowledgement
1170 1996 1209 2028 of
1222 1996 1352 2028 Roman

185 2047 383 2078 supremacy
402 2037 436 2068 in
454 2036 567 2078 Spain.

184 2082 229 2118 28
