1482 2312
140 681 199 712 201

141 1358 203 1388 202

422 142 588 181 PLINY
602 157 610 180 z
661 143 923 181 NATURAL
957 143 1192 181 HISTORY

224 248 461 298 pinguescit,
491 246 581 283 ideo
612 245 668 282 sal
697 245 770 282 illis
802 248 1042 295 aptissimus,
1073 248 1169 283 item
1202 249 1394 290 veterina,

225 321 465 358 quamquam
495 313 535 344 et
564 306 677 357 fruge
702 314 744 344 et
762 306 900 350 herba,
920 307 1098 344 scilicet1
1118 313 1163 344 ut
1182 308 1320 344 bibere
1340 310 1394 344 sic

226 369 362 405 edunt.
417 371 618 405 ruminant
662 374 822 418 praeter
866 371 944 404 iam
1001 368 1109 405 dicta
1157 368 1393 405 silvestrium

224 433 341 473 cervi,
369 443 458 466 cum
487 443 510 466 a
538 430 648 466 nobis
678 429 858 472 aluntur;
901 432 1032 465 omnia
1060 435 1196 466 autem
1224 431 1395 466 iacentia

224 494 355 541 potius
380 504 499 541 quam
523 493 685 535 stantia,
710 497 751 527 et
774 490 906 527 hieme
930 493 1056 541 magis
1081 504 1200 540 quam
1225 497 1395 535 aestate,

225 555 400 603 septenis
450 552 533 589 fere
582 553 796 588 mensibus.
852 550 1003 588 Pontici
1055 565 1214 602 quoque
1263 565 1395 589 mures

225 613 339 650 simili
359 614 476 650 modo
495 614 748 650 remandunt.

272 675 412 712 XCIV.
442 675 489 712 In
518 682 617 724 potu
641 682 778 712 autem
803 675 944 725 quibus
969 678 1110 712 serrati
1134 675 1276 712 dentes
1300 675 1395 712 lam·

224 738 338 781 bunt,
364 743 404 774 et
429 750 560 773 mures
585 736 622 773 hi
650 737 845 787 vulgares,
870 739 1048 786 quamvis
1073 750 1123 773 ex
1147 737 1224 773 alio
1247 750 1395 787 genere

223 802 325 842 sint;
357 799 499 848 quibus
517 801 693 835 continui
712 798 854 835 dentes
873 798 1049 841 sorbent,
1068 804 1111 835 ut
1130 801 1236 848 equi,
1253 797 1396 841 boves;

223 866 409 897 neutrum
434 863 525 903 ursi,
548 859 618 896 sed
642 873 786 909 aquam
812 873 970 909 quoque
994 873 1125 896 morsu
1149 865 1302 896 vorant.
1356 862 1395 896 in

224 921 359 958 Africa
380 924 505 958 maior
523 935 613 970 pars
633 921 808 958 ferarum
828 927 984 958 aestate
1004 934 1083 957 non
1102 921 1246 957 bibunt
1264 923 1397 970 inopia

223 984 421 1027 imbrium,
456 996 575 1033 quam
609 983 659 1019 ob
692 996 853 1020 causam
885 986 992 1032 capti
1026 996 1158 1019 mures
1194 982 1331 1033 Libyci
1364 985 1395 1019 si

224 1045 361 1081 bibere
421 1048 654 1081 moriuntur.
737 1057 902 1094 orygem
962 1050 1158 1094 perpetuo
1218 1047 1396 1081 sitientia

224 1106 383 1143 Africae
413 1112 610 1157 generant
640 1120 689 1143 ex
720 1112 864 1142 natura
893 1106 966 1142 loci
995 1111 1093 1155 potu
1121 1111 1326 1142 carentem
1355 1111 1395 1142 et

223 1168 392 1204 mirabili
441 1168 558 1205 modo
606 1168 656 1205 ad
703 1167 878 1204 remedia
925 1170 1171 1204 sitientium:
1223 1180 1396 1217 namque

225 1229 385 1266 Gaetuli
399 1229 573 1266 latrones
591 1243 637 1266 eo
653 1229 798 1266 durant
814 1228 960 1265 auxilio
974 1231 1142 1278 repertis
1156 1231 1194 1265 in
1208 1228 1223 1251 ²
1234 1242 1396 1278 corpore

222 1305 357 1328 corum
377 1291 622 1328 saluberrimi
643 1291 803 1340 liquoris
824 1293 972 1327 vesicis.

274 1353 456 1390 Insidunt
472 1356 511 1389 in
532 1353 674 1390 eadem
695 1352 830 1389 Africa
850 1352 962 1402 pardi
978 1352 1197 1389 condensas
1213 1351 1395 1389 arbores3

223 1415 492 1464 occultatique
514 1428 648 1451 carum
672 1417 790 1450 ramis
813 1416 853 1450 in
876 1416 1172 1463 praetereuntia
1195 1413 1396 1457 desiliunt,

223 1482 346 1526 atque
382 1489 403 1513 e
438 1476 638 1513 volucrum
674 1476 768 1512 sede
803 1481 1046 1525 grassantur.
1101 1474 1200 1512 feles
1235 1475 1395 1525 quidem

224 1552 302 1588 quo
321 1538 492 1582 silentio,
512 1552 631 1588 quam
652 1538 802 1574 levibus
823 1540 998 1587 vestigiis
1017 1537 1215 1586 obrepunt
1235 1537 1371 1574 avibus
1388 1538 1394 1574 Ξ

224 1614 343 1650 quam
391 1600 545 1637 occulte
594 1599 824 1649 speculatae
873 1602 912 1635 in
961 1598 1156 1635 musculos
1205 1598 1394 1636 exiliunt!

225 1668 481 1699 excrementa
510 1675 578 1698 sua
609 1661 748 1698 effossa
777 1662 950 1697 obruunt
977 1666 1086 1697 terra
1112 1660 1396 1710 intellegentes

142 1729 204 1759 203
223 1724 384 1760 odorem
411 1723 522 1760 illum
552 1723 722 1760 indicem
748 1726 805 1760 sui
834 1735 931 1759 esse.
962 1721 1082 1759 XCV.
1110 1735 1205 1772 ergo
1232 1727 1273 1758 et
1299 1721 1395 1758 alios

304 1819 315 1836 ¹
338 1817 465 1849 scilicet
484 1818 658 1858 Mayhoffz
682 1817 752 1848 sed.

303 1861 314 1878 2
340 1861 390 1891 zzl.
408 1871 468 1901 pro
484 1873 491 1891 :
516 1865 636 1901 aperto
653 1859 815 1900 Mczyhoff.

301 1904 314 1921 ³
337 1904 503 1934 Book-kam
521 1906 605 1942 (-am
621 1903 776 1934 arborem
796 1901 961 1942 Jlayhoff)
977 1914 984 1933 :
1009 1902 1180 1933 condensa
1196 1901 1326 1932 arbore.

510 2010 524 2024 ‘¹
548 2005 698 2047 Perhaps
716 2005 774 2036 the
793 2006 920 2036 ermine
938 2005 966 2036 is
984 2009 1109 2036 meant.

223 2079 294 2112 420
