1482 2312
162 496 222 527 150

165 986 219 1016 151

166 1538 226 1569 152

439 142 606 180 PLINY
620 157 629 180 :
681 143 944 180 NATURAL
982 142 1217 180 HISTORY

243 259 334 282 men
356 259 429 282 vox
452 244 623 281 auditur.
679 245 729 281 ab
751 244 892 282 eodem
914 250 1095 294 tempore
1116 244 1341 294 plumescit,
1360 246 1417 280 ita

243 310 392 357 positus
434 312 478 343 ut
518 312 640 356 caput
680 319 800 356 supra
839 305 1026 342 dextrum
1067 305 1213 356 pedem
1255 304 1416 349 habeat,

242 369 425 405 dextram
455 380 546 404 vero
575 367 677 403 alam
706 380 824 417 supra
851 373 984 416 caput.
1041 366 1197 403 vitellus
1225 365 1417 416 paulatim

242 429 389 466 deficit.
445 442 536 465 aves
580 441 716 465 omnes
760 430 799 464 in
843 428 966 478 pedes
1010 433 1238 471 naseuntur,
1281 433 1418 464 contra

247 504 366 540 quam
408 490 558 540 reliqua
599 489 795 526 animalia.
851 489 1049 539 quaedam
1083 488 1253 538 gallinae
1289 491 1419 525 omnia

243 554 403 602 gemina
424 564 497 587 ova
518 554 678 601 pariunt
700 557 741 587 et
762 553 942 601 geminos
964 550 1165 587 interdum
1187 549 1419 594 excludunt,

244 619 288 649 ut
321 612 524 649 Cornelius
557 612 693 649 Celsus
727 618 865 648 auctor
898 617 973 655 est,
1006 611 1176 648 alterum
1207 613 1419 654 maiorem3

244 674 361 724 aliqui
387 679 537 724 negant
559 676 718 710 omnino
740 676 920 724 geminos
944 672 1112 710 excludi.
1166 672 1253 723 plus
1284 674 1421 709 vicena

245 738 366 785 quina
405 735 629 772 incubanda
668 735 792 771 subici
834 740 985 771 vetant.
1041 746 1180 784 parere
1220 747 1243 770 a
1280 734 1421 770 bruma

246 799 460 847 incipiunt;
491 799 643 846 optima
659 795 792 832 fetura
810 802 903 832 ante
922 808 1085 832 vernum
1103 797 1420 845 aequinoctium:

245 864 333 908 post
377 858 589 894 solstitium
634 863 728 893 nata
772 871 850 894 non
893 856 1061 907 implent
1103 856 1420 906 magnitudinem

245 922 404 963 iustam,
422 925 617 968 tantoque
636 921 764 955 minus
783 924 934 968 quanto
952 920 1076 955 serius
1093 930 1323 968 provenere.

301 980 458 1017 LXXV.
490 980 576 1017 Ova
623 981 798 1017 incubari
845 982 949 1016 intra
995 979 1134 1016 decem
1181 979 1265 1015 dies
1312 979 1421 1015 edita

246 1042 519 1084 utilissimum3
548 1047 685 1078 vetera
699 1048 769 1078 aut
783 1043 1005 1078 recentiora
1018 1040 1242 1077 infecunda.
1298 1041 1420 1077 subici

244 1106 384 1153 impari
400 1116 564 1140 numero
581 1103 743 1139 debent.
788 1108 931 1152 quarto
946 1102 1010 1139 die
1026 1108 1239 1152 postquam
1254 1114 1421 1151 coepere

247 1165 436 1208 incubari,
465 1167 496 1201 si
525 1170 663 1201 contra
692 1163 827 1201 lumen
855 1166 1059 1200 cacumine
1089 1177 1251 1200 ovorum
1281 1163 1419 1212 adpre-

246 1225 368 1262 henso
385 1228 464 1262 ima
480 1225 494 1248 1
510 1239 631 1262 manu
647 1239 767 1276 purus
785 1231 826 1262 et
842 1224 1066 1261 uniusmodi
1083 1224 1287 1275 perluceat
1303 1224 1421 1268 color,

246 1287 394 1324 sterilia
409 1289 688 1324 existimantur
703 1300 787 1323 esse
803 1299 953 1337 proque
969 1289 1024 1322 eis
1039 1286 1114 1322 alia
1128 1285 1420 1322 substituenda.

247 1355 289 1385 et
312 1351 351 1384 in
376 1362 480 1398 aqua
504 1355 565 1385 est
590 1351 934 1398 experimentum:
972 1350 1089 1384 inane
1114 1347 1260 1391 fluitat,
1284 1349 1420 1397 itaque

247 1411 432 1454 sidentia,
457 1409 529 1446 hoc
555 1416 615 1446 est
640 1409 772 1460 plena,
797 1410 919 1446 subici
945 1408 1094 1445 volunt.
1149 1411 1305 1445 concuti
1331 1421 1423 1444 vero

248 1474 523 1521 experimento
552 1477 706 1515 vetant,
734 1473 921 1521 quoniam
950 1484 1027 1506 non
1055 1473 1224 1520 gignant
1252 1469 1422 1506 confusis

249 1533 434 1569 vitalibus
458 1535 578 1569 venis.
635 1533 875 1569 incubationi
915 1532 1034 1568 datur
1074 1533 1230 1568 initium
1270 1531 1423 1567 decima

247 1594 408 1630 demum
425 1594 440 1617 2
460 1600 553 1644 post,
570 1607 712 1630 novam
733 1593 881 1638 lunam,
901 1595 994 1643 quia
1015 1595 1120 1643 prius
1140 1592 1326 1629 inchoata
1346 1605 1423 1629 non

248 1658 493 1705 proveniant.
549 1655 714 1692 celerius
764 1654 1030 1692 excluduntur
1078 1653 1214 1690 calidis
1261 1653 1424 1697 diebus;

248 1717 337 1753 ideo
369 1722 524 1753 aestate
558 1717 880 1753 undevicensimo
913 1715 1086 1752 educent
1118 1714 1260 1759 fetum,
1292 1714 1422 1751 hieme

250 1792 337 1815 xxv.
392 1781 423 1815 si
453 1779 632 1815 incubitu
660 1780 806 1821 tonuit,
836 1790 908 1814 ova
937 1782 1122 1827 pereunt,
1152 1782 1194 1813 et
1227 1778 1423 1826 accipitris

291 1856 302 1875 ¹
326 1857 379 1887 v.l.
397 1866 476 1887 una.
556 1855 568 1873 ²
590 1856 724 1887 decima
741 1855 880 1886 demum
897 1855 971 1886 add.
988 1865 1004 1886 e
1020 1854 1201 1886 Columella
1217 1853 1379 1895 Mayhoff.

289 1964 303 1978 ⁰
328 1959 479 1990 Romans
501 1958 608 1989 called
630 1959 688 1989 the
710 1958 779 1998 day
803 1957 892 1988 after
913 1966 958 1987 an
979 1961 1082 1988 event,
1103 1957 1244 1989 secunda
1265 1957 1335 1989 dies
1355 1957 1424 1988 and

246 2003 303 2034 the
319 2003 386 2043 day
402 2002 491 2033 after
506 2002 583 2033 that
598 2002 702 2033 tertia.

245 2064 315 2112 388
