1482 2312
115 311 176 343 173

118 1083 178 1113 174

397 139 563 177 PLINY
578 154 586 177 2
637 140 901 178 NATURAL
937 140 1173 178 HISTORY

202 246 435 294 sanguinem
466 246 648 294 pervenit
679 243 813 288 saliva,
844 245 987 281 invitat
1020 244 1070 280 ad
1102 244 1265 281 rabiem.
1320 244 1370 282 de

198 320 460 358 purpurarum
485 306 627 358 linguis
652 307 834 344 diximus.
890 309 992 344 ranis
1017 310 1145 358 prima
1170 307 1371 353 cohaeret,

201 373 354 408 intuma
387 371 568 408 absoluta
600 385 623 408 a
667 377 845 422 gutture,
879 385 958 421 qua
1000 385 1137 408 vocem
1181 374 1372 409 emittunt

201 449 342 480 mares,
371 449 461 473 cum
489 442 679 473 vocantur
708 434 958 486 ololygones3
1001 441 1107 473 stato
1130 436 1171 473 id
1190 442 1371 487 tempore

203 502 348 544 evenit,
372 501 566 537 cientibus
590 500 641 537 ad
663 502 811 537 coitum
835 499 1013 537 feminas.
1067 506 1155 537 tum
1177 500 1372 551 siquidem

204 563 386 601 inferiore
402 564 511 601 labro
527 564 697 601 demisso
714 564 764 601 ad
778 564 1061 601 libramentum
1077 577 1203 614 aquae
1218 564 1372 602 modice

204 634 389 678 receptae
428 631 468 665 in
505 628 638 665 fauces
676 628 898 679 palpitante
936 629 989 664 ibi
1027 627 1162 679 lingua
1201 628 1372 666 ululatus

204 691 384 736 eliditur;
436 698 530 730 tunc
569 695 723 730 extenti
759 693 972 730 buccarum
1010 695 1115 729 sinus
1152 692 1372 743 perlucent,

202 756 302 793 oculi
330 756 499 808 flagrant
516 756 649 794 labore
668 756 872 807 propulsi.1
927 757 1068 806 quibus
1091 759 1131 793 in
1156 759 1372 808 posteriore

202 827 315 871 parte
344 821 482 865 aculei,
509 821 568 858 his
597 827 639 858 et
666 821 807 858 dentes
836 827 877 858 et
905 820 1052 871 lingua,
1081 822 1220 871 apibus
1248 823 1372 858 etiam

202 885 428 936 praelonga,
449 888 626 923 eminens
646 892 687 922 et
706 885 872 928 cicadis;
906 886 1047 935 quibus
1067 885 1226 922 aculeus
1245 887 1286 921 in
1306 898 1373 922 ore

203 949 412 994 fistulosus,
450 950 508 986 his
546 963 619 987 nec
656 949 791 999 lingua
819 962 892 986 nec
921 949 1075 986 dentes.
1137 949 1373 999 quibusdam

202 1016 361 1051 insectis
380 1016 486 1051 intus
507 1013 654 1065 lingua,
676 1020 720 1051 ut
746 1013 940 1056 formicis;
979 1019 1159 1050 ceterum
1178 1012 1281 1051 latet
1301 1019 1343 1051 et
1358 1014 1374 1037 2

204 1077 416 1128 elephanto
436 1081 660 1129 praecipue.
718 1078 876 1128 reliquis
898 1079 937 1114 in
959 1091 1029 1114 suo
1049 1091 1196 1128 genere
1218 1091 1375 1128 semper

203 1142 396 1186 absoluta,
420 1142 567 1179 homini
591 1149 751 1179 tantum
774 1145 831 1179 ita
854 1155 974 1192 saepe
997 1144 1213 1179 constricta
1235 1144 1343 1179 venis
1358 1141 1374 1165 ³

203 1212 247 1243 ut
277 1207 460 1244 intercidi
491 1220 557 1244 eas
589 1220 750 1243 necesse
782 1208 845 1243 sit.
903 1205 1116 1243 Metellum
1146 1206 1374 1257 pontificem

203 1271 302 1307 adeo
324 1271 605 1321 inexplanatae
629 1270 748 1308 fuisse
772 1273 985 1321 accipimus
1009 1277 1053 1307 ut
1075 1270 1210 1307 multis
1232 1273 1374 1307 mensi-

203 1335 275 1372 bus
310 1341 438 1372 tortus
474 1335 659 1373 credatur
695 1335 790 1372 dum
825 1334 1044 1372 meditatur
1078 1336 1118 1371 in
1153 1334 1373 1372 dedicanda

203 1399 302 1436 aede
324 1399 401 1450 Opi
417 1399 537 1436 verba
549 1399 564 1422 4
585 1400 739 1443 dicere3
772 1401 915 1436 ceteris
931 1405 1114 1450 septumo
1130 1398 1255 1436 ferme
1271 1412 1374 1436 anno

203 1476 424 1501 sermonem
450 1466 648 1514 exprimit.
703 1463 838 1501 multis
862 1476 954 1500 vero
978 1462 1068 1500 talis
1093 1476 1154 1500 ars
1179 1465 1262 1499 eius
1285 1476 1374 1500 con-

202 1530 322 1578 tingit
343 1534 387 1565 ut
409 1531 539 1565 aw'um
561 1534 603 1565 et
624 1527 852 1565 animalium
873 1529 977 1565 vocis
996 1527 1211 1564 indiscreta
1232 1526 1374 1564 edatur

203 1594 383 1630 imitatio.

440 1688 450 1705 ²
476 1689 528 1719 v.l.
546 1687 705 1728 perpulsi.

437 1730 449 1748 ²
472 1729 628 1770 „llayhofs
640 1740 678 1760 ez
694 1730 883 1761 Aristotele:
910 1732 1060 1760 ceterum
1075 1729 1156 1760 lata.

438 1773 451 1791 ³
473 1783 517 1803 (m
534 1773 670 1803 nervis?
690 1771 850 1813 Mayhoff.

435 1816 447 1834 ⁴
470 1816 563 1847 Jan:
589 1815 725 1856 opifere.

366 1987 378 2006 ¹⁵
401 1945 558 2029 l?{rh}1}85
567 1988 634 2020 this
651 1987 772 2020 should
787 1988 829 2019 be
845 1987 973 2020 altered
988 1991 1025 2019 to
1042 1986 1049 2000 ‘
1064 1987 1206 2019 sinews.’

200 2070 269 2107 540
