1482 2312
150 903 189 931 83

149 1414 190 1443 84

413 152 577 190 PLINY
593 166 602 190 ι
654 153 918 190 NATURAL
955 152 1190 190 HISTORY

213 268 333 305 quam
353 268 431 292 non
451 255 501 291 ad
519 254 592 291 hoc
612 255 768 292 videtur
787 258 986 305 pertinere
1006 255 1210 292 crebratae
1230 257 1386 305 pexitas

217 319 322 356 telae
355 325 396 356 et
428 319 600 369 quadam
631 319 825 369 politurae
858 325 944 356 arte
975 321 1060 369 ipsa
1090 332 1161 369 per
1192 332 1233 356 se
1265 325 1386 356 tenax

217 386 316 420 ratio
345 383 518 420 tramae!
564 396 682 433 quam
714 383 826 420 laxus
859 383 909 420 ad
941 382 1057 420 flatus
1090 383 1166 420 ad1
1200 397 1277 420 non
1309 397 1388 420 res-

215 447 375 497 puenda
418 460 520 497 quae
565 450 726 484 veniant
770 447 897 484 sinus!
958 447 1148 484 derelicta
1191 447 1244 483 a2
1287 447 1387 484 lasso

216 511 425 561 praetendi
472 525 625 547 summa
672 517 784 561 parte
832 512 1022 548 arbitrere
1067 511 1177 548 licia:
1237 517 1279 548 at
1323 511 1388 548 illa

217 575 372 612 difficile
398 581 613 612 cernuntur
638 581 759 625 atque
785 582 828 612 ut
853 578 891 611 in
916 575 1040 625 plagis
1066 575 1191 612 lineae
1217 575 1387 612 offensae

217 642 481 689 praecipitant
496 641 535 675 in
551 641 691 676 sinum.
746 653 884 689 specus
900 642 983 689 ipse
1000 653 1078 689 qua
1092 646 1388 676 concamaratur

216 702 501 740 architectura!
558 709 599 740 et
642 709 777 740 contra
812 703 958 752 frigora
991 702 1171 753 quanto3
1201 703 1386 740 xillosior!

216 781 334 817 quam
375 773 550 804 remotus
590 781 612 803 a
651 768 783 804 medio
822 767 1007 817 aliudque
1047 770 1202 817 agentis
1242 768 1388 812 similis,

216 832 385 868 inclusus
410 845 501 868 vero
524 834 578 868 sic
601 838 646 868 ut
669 834 719 868 sit
742 845 867 868 necne
891 834 996 868 intus
1021 832 1158 882 aliquis
1181 834 1286 868 cerni
1311 845 1386 868 non

217 896 360 945 possit!
416 909 490 946 age
532 895 708 940 firmitas,
749 896 907 945 quando
940 897 1214 945 rumpentibus
1248 898 1388 939 ventis,

215 973 293 1010 qua
312 960 517 1010 pulverum
537 960 639 996 mole
659 960 903 1009 degravante
923 959 936 994 Ρ
957 960 1126 997 latitudo
1146 960 1249 997 telae
1269 973 1388 1010 saepe

216 1026 319 1061 inter
357 1024 454 1060 duas
493 1025 666 1068 arbores,
697 1038 785 1060 cum
827 1030 986 1061 exercet
1027 1030 1153 1060 artem
1194 1030 1236 1061 et
1275 1024 1388 1061 discit

216 1094 368 1132 texere,
393 1088 599 1138 longitudo
626 1088 677 1124 fili
703 1102 726 1124 a
750 1087 987 1132 cacumine‚‘²
1012 1102 1055 1124 ac
1082 1102 1211 1125 rursus
1237 1102 1259 1125 a
1283 1094 1388 1125 terra

215 1166 285 1202 per
301 1152 396 1188 illud
412 1155 541 1202 ipsum
559 1152 671 1189 velox
689 1155 959 1202 reciprocatio,
976 1153 1161 1202 subitque
1178 1155 1327 1202 pariter
1343 1166 1388 1189 ac

216 1216 279 1252 fila
301 1216 474 1253 deducit.
497 1230 587 1252 cum
610 1229 700 1253 vero
722 1222 887 1266 captura
909 1216 1061 1261 incidit,
1084 1230 1202 1266 quam
1225 1217 1388 1267 vigilans

217 1287 256 1317 et
287 1286 447 1330 paratus
478 1281 680 1316 accursus!
724 1280 815 1317 licet
846 1286 1026 1317 extrema
1059 1280 1222 1317 haereat
1259 1281 1388 1331 plaga,

216 1358 373 1395 semper
404 1347 443 1380 in
475 1344 651 1381 medium
683 1347 818 1389 currit,
849 1347 941 1395 quia
971 1347 1024 1381 sic
1056 1347 1227 1381 maxime
1259 1351 1387 1382 totum

217 1409 479 1445 concutiendo
529 1409 716 1458 implicat.
771 1411 889 1445 scissa
938 1412 1115 1459 protinus
1166 1409 1290 1446 reficit
1339 1409 1387 1446 ad

216 1473 427 1523 polituram
472 1475 653 1509 sarciens.
720 1473 1014 1523 ranarumque5
1064 1480 1105 1510 et
1154 1473 1387 1510 lacertarum

216 1537 366 1573 catulos
389 1543 584 1573 venantur
606 1550 646 1573 os
670 1540 839 1587 primum
862 1537 943 1574 tela
965 1537 1208 1574 involventes
1231 1544 1271 1574 et
1294 1543 1388 1574 tunc

216 1601 378 1638 demum
395 1601 503 1637 labra
522 1607 690 1651 utraque
709 1615 840 1638 morsu
859 1601 1219 1651 adprehendentes,
1237 1601 1386 1652 amphi-

216 1665 401 1702 theatrali
443 1665 668 1715 spectaculo
700 1679 790 1702 cum
822 1668 1000 1716 contigit.
1056 1672 1147 1703 sunt
1181 1679 1231 1702 ex
1265 1679 1311 1702 eo
1345 1672 1386 1702 et

217 1732 402 1779 auguria:
451 1732 596 1779 quippe
631 1732 876 1766 incremento
911 1732 1085 1766 amnium
1120 1729 1253 1766 futuro
1287 1729 1387 1766 telas

450 1843 460 1860 ¹
484 1842 527 1872 ad
544 1842 613 1873 edd.
631 1847 698 1873 vet:
725 1853 774 1873 ac.

448 1884 459 1902 ²
482 1895 502 1915 a
518 1885 591 1916 add.
609 1885 785 1916 Raclcham.

447 1926 459 1944 ³
483 1928 575 1958 edd:
601 1927 750 1967 quando.

445 1970 458 1988 ⁴
480 1970 643 2010 Detlessen
658 1982 664 2000 :
689 1970 845 2001 acumine
862 1973 896 2009 (a
911 1969 1056 2000 culmine
1072 1970 1169 2009 edd.).

447 2012 459 2030 ⁶
482 2012 660 2052 Maylwff?
676 2012 717 2052 cf.
734 2013 793 2043 Ar.
809 2024 815 2042 :
841 2022 999 2052 namque.

216 2075 285 2118 482
