1482 2312
430 137 596 176 PLINY
610 152 619 175 ε
668 138 930 176 NATURAL
965 138 1201 177 HISTORY

232 240 425 290 Hispania
449 240 647 278 cuniculos
673 240 866 290 appellat,
890 240 1147 278 fecunditatis
1172 244 1404 279 innumerae

230 301 459 352 famemque
513 302 712 339 Baliarum
766 302 901 339 insulis
955 302 1154 352 populatis
1208 303 1400 340 messibus

231 363 471 400 adferentes.
527 363 633 400 fetus
657 365 786 400 ventri
812 369 972 400 exectos
996 363 1060 400 vel
1083 364 1271 401 uberibus
1295 364 1403 401 abla-

230 430 292 461 tos
325 438 404 461 non
435 427 660 475 repurgatis
692 427 909 461 interaneis
941 427 1165 474 gratissimo
1198 427 1237 461 in
1267 425 1402 462 cibatu

147 491 209 521 218
229 485 402 523 habent:
460 486 627 523 laurices
675 492 828 523 vocant.
883 492 1038 522 certum
1084 492 1144 523 est
1191 486 1402 524 Baliaricos

231 547 418 584 adversus
440 553 678 597 proventum
701 561 838 584 eorum
860 547 1052 584 auxilium
1074 547 1246 584 militare
1268 561 1291 584 a
1313 547 1402 585 divo

232 609 415 658 Augusto
460 612 621 658 petisse.
678 622 823 659 magna
868 614 1032 658 propter
1076 614 1266 646 venatum
1311 622 1403 646 eum

230 673 389 707 viverris
416 673 547 720 gratia
574 676 657 707 est:
697 673 864 707 iniciunt
891 683 958 707 eas
984 672 1025 706 in
1051 683 1190 719 specus
1218 673 1284 720 qui
1311 677 1403 707 sunt

230 730 451 768 multifores
480 734 519 767 in
548 737 656 768 terra
686 731 808 781 (unde
838 737 880 768 et
908 744 1054 768 nomen
1082 731 1259 782 animali)
1281 737 1403 782 atque

230 795 287 829 ita
318 796 464 829 eiectos
495 806 666 842 superne
695 795 871 842 capiunt.
926 791 1145 829 Archelaus
1175 798 1313 830 auctor
1342 798 1402 829 est

231 860 327 904 quot
361 857 440 891 sint
473 857 644 904 corporis
677 867 872 891 cavernae
906 854 957 891 ad
990 860 1247 891 excrementa
1279 854 1402 904 lepori

229 915 401 952 totidem
432 929 554 952 annos
587 929 672 952 esse
703 918 871 953 aetatis:
916 918 1045 952 varius
1075 921 1185 952 certe
1215 928 1402 953 numerus

230 980 437 1026 reperitur.
494 977 600 1014 idem
615 983 828 1026 utramque
843 980 922 1013 vim
937 976 1100 1027 singulis
1114 979 1244 1014 inesse
1258 990 1304 1013 ac
1318 979 1402 1014 sine

146 1045 208 1075 219
228 1052 336 1075 mare
381 1052 509 1088 aeque
551 1042 729 1089 gignere.
783 1039 960 1088 benigna
999 1041 1103 1075 circa
1143 1037 1216 1075 hoc
1257 1044 1401 1075 natura

229 1103 396 1136 innocua
434 1106 475 1137 et
513 1100 717 1137 esculenta
753 1100 940 1136 animalia
973 1099 1146 1136 fecunda
1180 1103 1399 1150 generavit.

229 1161 341 1210 lepus
362 1164 538 1198 omnium
559 1161 733 1211 praedae
754 1174 918 1198 nascens
934 1161 1038 1198 solus
1059 1167 1220 1210 praeter
1234 1161 1402 1211 dasypo-

229 1222 322 1259 dem
351 1223 590 1272 superfetat,
613 1223 721 1260 aliud
751 1222 938 1267 educans,
966 1222 1074 1259 aliud
1102 1225 1141 1258 in
1171 1228 1285 1259 utero
1313 1222 1401 1272 pilis

230 1287 433 1328 vestitum,
472 1284 579 1321 aliud
617 1285 807 1334 inplume,
846 1284 954 1321 aliud
991 1283 1221 1321 inchoatum
1258 1297 1400 1334 gerens

229 1349 389 1395 pariter.
452 1359 524 1382 nec
562 1359 640 1382 non
686 1352 727 1382 et
767 1352 897 1382 vestes
936 1346 1113 1395 leporino
1151 1345 1230 1395 pilo
1267 1344 1400 1382 facere

228 1413 475 1456 temptatum
501 1413 576 1450 est,
599 1413 713 1444 tactu
738 1421 817 1444 non
840 1407 1005 1456 perinde
1030 1406 1138 1444 molli
1162 1412 1206 1443 ut
1230 1409 1271 1442 in
1293 1412 1401 1449 cute,

144 1474 207 1504 220
227 1475 391 1518 propter
409 1469 650 1506 brevitatem
670 1468 739 1518 pili
758 1468 983 1506 dilabidas.¹

284 1530 489 1567 LXXXII.
520 1531 571 1568 Hi
606 1536 889 1567 mansuescunt
929 1543 1031 1574 raro,
1072 1543 1162 1566 cum
1206 1529 1278 1566 feri
1323 1529 1398 1566 dici

230 1593 314 1628 iure
334 1605 412 1628 non
432 1594 606 1641 possint:
635 1591 824 1641 conplura
845 1604 1018 1642 namque
1039 1597 1131 1628 sunt
1148 1604 1220 1628 nec
1240 1590 1397 1641 placida

710 1690 721 1708 ¹
745 1689 799 1719 v.l.
816 1688 1013 1719 dilabidam.

267 1812 283 1827 ⁶
306 1808 427 1849 Really
444 1808 503 1839 the
524 1808 746 1849 etymology'
737 1818 764 1838 is
786 1807 845 1839 the
864 1807 962 1839 other
977 1818 1052 1848 way
1069 1807 1197 1838 round:
1225 1807 1398 1838 cuniculus

225 1852 252 1882 is
273 1851 359 1881 from
377 1862 396 1881 a
405 1819 563 1891 ySpanish
586 1851 676 1881 word
699 1849 779 1881 for‘
794 1850 932 1887 rabbitss
950 1850 1017 1881 and
1030 1842 1122 1881 ‘from
1139 1850 1166 1880 it
1183 1860 1251 1881 was
1268 1849 1398 1881 formed

225 1894 342 1925 cunici
336 1894 415 1924 lum
432 1894 588 1934 meaning
607 1893 783 1930 ‘burrow,
802 1892 967 1930 ‘tunnelss
985 1903 1022 1924 or
1040 1893 1174 1924 ‘mine.'

269 1937 282 1956 b
306 1937 335 1967 A
358 1937 493 1967 variant,
516 1936 655 1976 reading
677 1937 770 1977 gives
794 1935 854 1967 ‘as
877 1937 905 1967 it
927 1937 954 1967 is
977 1935 1075 1967 when
1097 1946 1141 1967 on
1164 1935 1222 1967 the
1244 1935 1399 1967 animal's

222 1979 296 2010 skin
312 1980 421 2020 owing
435 1983 472 2010 to
487 1979 544 2011 thv
558 1979 708 2020 yieldjng
722 1982 844 2010 nature
857 1978 897 2010 of
907 1978 965 2010 the
979 1978 1208 2010 short-haired
1221 1977 1298 2009 fur.’

229 2051 293 2088 152
