1482 2312
421 133 585 171 PLINY
601 147 609 171 ε
659 134 922 172 NATURAL
958 134 1192 172 HISTORY

222 235 406 273 bidentes
432 236 574 272 fierent
605 248 724 285 puras
754 239 928 286 negavit.
987 249 1098 274 suem
1119 236 1231 273 oculo
1252 239 1394 274 amisso

223 311 369 354 putant
394 307 473 341 cito
503 307 699 354 extingui,
721 305 867 354 alioqui
891 308 972 341 vita
1003 305 1053 342 ad
1081 318 1129 342 xv
1153 319 1290 350 annos,
1311 310 1395 356 qui-

222 374 390 410 busdam
412 379 453 410 et
473 377 651 417 vicenos3
687 387 823 410 verum
845 374 1073 418 efferantur,
1095 380 1136 412 et
1155 375 1252 412 alias
1274 375 1395 412 obno-

224 446 333 480 xium
365 456 491 493 genus
523 443 684 487 morbis,
717 446 888 493 anginae
922 446 1097 480 maxime
1131 450 1172 481 et
1205 450 1393 482 strumae.

139 518 200 548 207
222 512 341 549 index
376 515 456 549 suis
491 512 687 549 invalidae
721 526 835 549 cruor
868 515 907 548 in
941 513 1074 550 radice
1109 519 1246 550 saetae
1281 514 1395 551 dorso

225 582 394 625 evolsae,
413 588 533 631 caput
557 582 758 631 obliquom
781 584 820 617 in
842 584 1008 619 incessu.
1064 585 1297 632 paenuriam
1318 583 1395 620 lac-

222 654 273 688 tis
301 654 566 700 praepingues
590 654 791 694 sentiunt3
829 657 870 687 et
892 654 1019 700 primo
1042 651 1129 688 fetu
1152 655 1281 689 minus
1304 659 1395 690 sunt

224 734 470 757 numerosae.
524 724 565 757 in
592 720 675 757 luto
695 720 888 756 volutatio
907 724 1045 770 generi
1063 727 1192 771 grata.
1246 725 1395 759 intorta

222 790 372 835 cauda3
395 790 435 826 id
455 793 577 826 etiam
598 795 797 833 notatum,
812 789 965 827 facilius
985 789 1102 827 litare
1124 793 1163 826 in
1184 791 1396 828 dexterum

224 872 343 909 quam
382 862 420 895 in
457 859 615 895 laevum
649 859 822 896 detorta.
877 862 1143 909 pinguescunt
1169 874 1215 898 Lx
1242 861 1396 905 diebus,

223 929 295 966 sed
312 931 438 979 magis
456 929 575 965 tridui
595 928 727 965 inedia
745 931 994 978 saginatione
1013 942 1112 966 orsa.
1167 930 1396 967 animalium

223 997 297 1035 hoc
320 1001 494 1035 maxime
518 998 695 1041 brutum,
719 1000 973 1048 animamque
998 1001 1034 1034 ei
1058 1012 1128 1048 pro
1152 999 1235 1036 sale
1258 999 1396 1036 datam

138 1073 202 1104 208
222 1081 301 1104 non
345 1067 518 1117 inlepide
564 1067 881 1104 existimabatur.
936 1074 1173 1117 conpertum
1218 1072 1395 1119 agnitam

224 1150 360 1174 vocem
380 1140 498 1174 suarii
518 1137 624 1174 furto
645 1137 810 1180 abactis,
829 1150 1040 1187 mersoque
1058 1141 1217 1188 navigio
1236 1139 1397 1175 inclina-

223 1209 332 1243 tione
357 1206 493 1243 lateris
517 1209 630 1243 unius
659 1206 850 1243 renasse.1
908 1209 1003 1256 quin
1027 1212 1068 1244 et
1096 1207 1216 1245 duces
1235 1210 1276 1244 in
1297 1208 1396 1246 urbe

224 1275 353 1313 forum
386 1276 667 1312 nundinarium
700 1275 918 1326 domosque
952 1281 1093 1325 petere
1127 1277 1307 1322 diseunt;
1354 1284 1395 1315 et

224 1345 297 1382 feri
316 1348 476 1395 sapiunt
495 1348 664 1395 vestigia
682 1345 830 1395 palude
849 1345 1107 1390 confundere,
1127 1349 1239 1383 mina
1257 1346 1395 1398 fugam

139 1421 203 1451 209
222 1415 365 1452 levare.
420 1420 646 1452 castrantur
666 1414 839 1452 feminae
865 1417 919 1452 sie
939 1428 1097 1465 quoque
1115 1419 1173 1452 uti
1194 1422 1234 1453 et
1252 1417 1394 1454 cameli

224 1490 314 1535 post
337 1484 446 1521 bidui
470 1484 644 1521 inediam
668 1497 883 1534 suspensae
906 1487 1039 1534 pernis
1063 1486 1256 1534 prioribus
1281 1486 1395 1523 vulva

224 1557 370 1598 recisa3
411 1554 577 1591 celerius
605 1557 662 1590 ita
689 1557 967 1604 pinguescunt.
1024 1554 1238 1592 adhibetur
1265 1562 1306 1593 et
1333 1569 1394 1594 ars

223 1626 342 1661 iecori
394 1623 630 1660 feminarum
681 1626 782 1660 sicut
834 1637 1032 1668 anserum,
1074 1627 1279 1661 inventum
1334 1625 1392 1664 Μ.

226 1693 354 1743 Apici,
385 1693 457 1730 fico
487 1693 596 1730 arida
626 1695 832 1743 saginatis,
862 1706 885 1729 a
914 1695 1016 1730 satie
1046 1697 1197 1731 necatis
1227 1701 1393 1744 repente

602 1780 614 1799 ¹
637 1779 805 1811 Rackham
817 1791 824 1810 ε
849 1789 1026 1811 remeasse.

265 1871 281 1886 ‘²
301 1866 373 1898 The
386 1869 454 1897 two
468 1865 658 1906 projecting
672 1864 766 1896 teeth
780 1865 815 1896 in
829 1864 888 1896 the
902 1864 1003 1896 lower
1015 1865 1081 1906 jaw
1093 1865 1202 1897 which
1215 1867 1292 1907 give
1306 1866 1393 1899 their

220 1919 320 1941 name
334 1913 370 1940 to
385 1909 444 1939 the
458 1909 594 1949 species.

267 1953 279 1972 θ
301 1952 350 1983 To
369 1951 454 1992 keep
473 1952 500 1982 it
519 1951 606 1982 from
625 1950 873 1991 put-refaction:
907 1950 1022 1983 Cicero
1041 1951 1076 1983 N
1080 1951 1132 1983 .D.
1154 1951 1190 1983 H
1213 1953 1274 1984 160
1293 1953 1390 1984 attri-

221 1995 319 2026 butes
335 1995 401 2026 this
417 1999 453 2025 to
468 1994 685 2035 Chrysippus.

228 2060 296 2092 144
