1482 2312
168 593 224 623 181

446 99 611 137 PLINY
625 112 635 136 t
684 98 946 136 NATURAL
982 97 1215 135 HISTORY

249 208 429 246 matura3
481 207 645 251 optume
683 215 773 238 cum
812 201 963 237 domito
1001 203 1188 236 iuvencus
1228 199 1415 236 inbuitur.

248 270 396 304 socium
424 268 529 303 enim
554 265 697 302 laboris
725 267 889 315 agrique
916 264 1097 301 culturae
1124 263 1317 300 habemus
1343 263 1417 300 hoc

249 330 410 374 animal,
421 336 562 367 tantae
577 329 683 379 apud
697 332 845 378 priores
859 341 977 365 curae
991 334 1036 364 ut
1050 330 1101 364 sit
1115 330 1220 364 inter
1234 327 1417 376 exempla

250 395 462 431 damnatus
492 407 514 429 a
542 407 580 443 p.
612 393 658 429 R.
689 393 753 429 die
782 392 891 429 dicta
920 394 985 442 qui
1015 391 1234 428 concubino
1263 394 1416 440 procaci

250 472 337 495 rure
368 471 566 494 omassum
597 457 724 494 edisse
755 469 796 493 se
827 461 1002 506 negante
1032 455 1233 492 occiderat
1262 455 1418 497 bovem,

249 529 441 572 actusque
458 524 498 558 in
516 521 678 558 exilium
694 526 902 570 tamquam
919 519 1058 556 colono
1075 532 1145 556 suo
1163 522 1416 568 interempto.

297 587 434 623 Tauris
451 588 491 622 in
509 590 673 634 aspectu
690 587 951 634 generositas,
967 589 1080 620 torva
1096 582 1243 627 fronte,
1260 583 1418 619 auribus

249 653 429 694 saetosis,
468 650 650 686 cornibus
690 651 729 684 in
771 651 974 697 procinctu
1016 647 1312 684 dimicationem
1352 660 1419 696 po-

249 714 450 751 scentibus
464 725 472 757 ;
503 713 573 750 sed
589 719 677 750 tota
692 715 947 750 comminatio
964 711 1157 761 prioribus
1174 714 1213 747 in
1229 711 1397 760 pedibus
1411 724 1419 748 :

249 784 331 815 stat
370 781 428 814 ira
466 778 660 828 gliscente
701 776 875 813 alternos
916 775 1110 825 replicans
1149 788 1420 825 spargensque

250 845 290 878 in
319 842 451 878 alvum
480 841 685 884 harenam,
717 846 758 877 et
788 840 892 877 solus
923 840 1153 877 animalium
1184 853 1231 876 eo
1261 839 1421 876 stimulo

252 906 473 943 ardescens.
529 905 696 943 vidimus
726 917 775 941 ex
805 907 970 954 imperio
996 904 1231 941 dimicantes
1262 910 1303 941 et
1332 903 1421 940 ideo

250 976 489 1008 monstratos
506 970 520 992 1
541 972 677 1013 rotari,
696 969 878 1005 cornibus
898 968 1089 1005 cadentes
1111 970 1238 1017 excipi
1259 970 1421 1005 iterum-

250 1047 327 1084 que
341 1033 580 1084 resurgere‚2
596 1033 713 1070 modo
726 1036 902 1070 iacentes
917 1045 966 1069 ex
979 1031 1100 1069 humo
1112 1031 1213 1076 tolli,
1223 1032 1422 1082 bigarum-

251 1112 328 1149 que
372 1101 495 1135 etiam
537 1111 652 1134 cursu
670 1097 685 1120 ³
716 1100 840 1134 citato
875 1096 983 1133 velut
1026 1099 1183 1146 aurigas
1226 1099 1420 1133 insistere.

250 1162 529 1200 Thessalorum
553 1164 686 1212 gentis
711 1164 917 1198 inventum
944 1167 1004 1198 est
1030 1173 1133 1210 equo
1160 1163 1273 1197 iuxta
1300 1160 1422 1210 quad-

251 1227 461 1277 ripedante
512 1240 633 1263 cornu
682 1228 831 1262 intorta
877 1227 1029 1262 cervice
1075 1230 1211 1262 tauros
1257 1236 1423 1268 necare3

251 1295 398 1341 primus
419 1291 458 1328 id
477 1290 749 1340 spectaculum
770 1289 882 1327 dedit
903 1289 1053 1326 Romae
1073 1288 1220 1326 Caesar
1239 1288 1420 1325 dictator.

170 1362 229 1392 183
248 1356 338 1392 hinc
359 1358 543 1392 victimae
568 1357 725 1404 opimae
752 1360 793 1391 et
814 1354 1035 1391 lautissima
1053 1353 1218 1390 deorum
1237 1352 1421 1402 placatio.

251 1419 341 1456 huic
361 1425 521 1456 tantum
541 1418 702 1456 animali
722 1421 899 1455 omnium
919 1418 1061 1468 quibus
1081 1420 1279 1467 procerior
1296 1417 1423 1454 cauda

252 1497 330 1520 non
353 1487 491 1520 statim
514 1489 610 1520 nato
632 1488 934 1520 consummatae
958 1488 1003 1519 ut
1025 1484 1169 1519 ceteris
1191 1493 1424 1524 mensurae3

251 1551 392 1585 crescit
413 1550 479 1584 uni
500 1548 626 1585 donec
646 1547 697 1584 ad
718 1549 887 1596 vestigia
907 1549 986 1583 ima
1009 1548 1230 1596 perveniat.
1286 1544 1424 1595 quam-

252 1612 388 1649 obrem
418 1615 666 1649 victimarum
696 1611 879 1661 probatio
908 1613 948 1646 in
977 1609 1101 1647 vitulo
1135 1615 1180 1646 ut
1214 1609 1423 1646 articulum

337 1732 347 1750 ¹
370 1732 423 1762 vl.
439 1731 693 1762 demonstratos
709 1733 757 1770 (eb
771 1729 884 1761 iocose
899 1729 1152 1761 demonstratos
1168 1727 1344 1769 Mayhoff).

335 1774 346 1792 ²
375 1775 466 1813 Vulq.
484 1784 606 1814 regere.

333 1818 344 1835 ³
369 1817 549 1848 Gronovius
564 1829 570 1848 :
596 1827 706 1847 curru.

759 1947 774 1962 ⁶
795 1945 838 1974 45
854 1952 920 1975 ΒΩ.

257 2008 325 2044 126
