1482 2312
84 417 147 447 000

84 439 134 447 ...r-

369 170 535 208 PLINY
550 184 558 208 :
610 171 872 208 NATURAL
909 170 1144 208 HISTORY

167 273 396 310 hirundines
424 275 465 309 in
491 275 604 317 mari,
623 274 733 310 siccis
759 275 865 310 inter
889 278 1000 310 tecta
1020 272 1341 322 vespe1·tiliones;

169 342 308 379 horum
322 341 337 365 ¹
359 341 447 379 alae
470 355 628 392 quoque
650 341 836 379 articulos
856 341 1021 379 habent.

218 411 291 448 Pili
315 425 336 448 e
359 417 451 448 cute
477 417 627 449 exeunt
649 425 782 449 crassa
804 411 913 455 hirti,
936 410 1092 448 feminis
1115 414 1343 456 tenuiores3

168 484 254 531 quis
270 483 309 517 in
325 481 419 518 iuba
434 481 549 531 largi,
563 483 603 517 in
620 484 737 518 armis
753 480 872 525 leoni,
887 480 1080 531 dasypodi
1098 487 1140 518 et
1154 483 1193 517 in
1209 482 1342 518 buccis

166 554 272 588 intus
305 557 347 588 et
378 551 451 587 sub
482 550 672 600 pedibus3
710 564 813 601 quae
845 556 1016 600 utraque
1046 551 1198 601 Trogus
1231 557 1273 588 et
1303 553 1341 588 in

166 620 300 670 lepore
337 620 517 664 tradidit,
556 619 629 657 hoc
669 619 853 670 exemplo
898 620 1185 658 libidinosiores
1226 634 1312 658 esse
1329 620 1343 643 ²

166 689 369 727 hominum
418 703 577 740 quoque
627 690 749 727 hirtos
797 690 1011 740 colligens:
1076 690 1342 727 villosissimus

82 765 146 796 230
165 759 395 796 animalium
434 759 558 808 lepus.
613 759 795 810 pubescit
830 758 948 795 homo
981 759 1099 801 solus,
1132 759 1238 809 quod
1270 762 1341 797 nisi

165 831 348 879 contigit,
373 828 517 866 sterilis
543 831 582 864 in
608 829 809 879 gignendo
845 835 919 872 est,
948 842 1017 865 seu
1052 829 1247 866 masculus
1273 842 1343 866 seu

166 898 327 935 femina.
381 898 449 949 pili
477 901 515 934 in
546 898 705 935 homine
728 901 875 948 partim
898 898 1014 935 simul
1036 901 1181 948 partim
1204 904 1344 948 postea

165 971 407 1019 gignunturg
458 967 497 1004 hi
534 971 719 1005 castratis
757 981 836 1005 non
873 974 1103 1012 nascuntur,
1140 970 1340 1018 congeniti

165 1044 302 1074 autem
350 1051 427 1075 non
475 1037 685 1081 desinunt3
738 1040 839 1074 sicut
882 1051 955 1075 nec
997 1037 1153 1074 feminis
1196 1051 1342 1088 magno

164 1120 299 1157 opere,
339 1110 527 1144 inventae
566 1113 706 1144 tamen
746 1107 947 1157 quaedam
987 1107 1158 1144 defluvio
1196 1110 1339 1157 capitis

164 1176 376 1220 invalidae,
402 1183 447 1214 ut
475 1183 516 1214 et
540 1176 730 1228 lanugine
757 1180 847 1221 oris,
873 1190 963 1214 cum
990 1179 1181 1214 menstrui
1208 1190 1342 1214 cursus

165 1252 328 1284 stetere.
385 1246 623 1296 quibusdam
654 1252 745 1296 post
776 1246 933 1297 geniti³
966 1249 1056 1283 viris
1088 1252 1231 1296 sponte
1263 1259 1340 1283 non

164 1318 395 1366 gignuntur.
451 1315 762 1366 quadripedibus
787 1315 912 1366 pilum
935 1315 1080 1352 cadere
1105 1321 1228 1365 atque
1252 1315 1340 1352 sub·

164 1388 271 1422 nasci
291 1399 467 1422 annuum
485 1391 557 1422 est.
612 1388 702 1422 viris
726 1391 908 1422 crescunt
933 1388 1107 1422 maxime
1127 1388 1166 1421 in
1184 1385 1342 1435 capillo,

165 1468 255 1491 mox
286 1457 325 1490 in
354 1455 491 1491 barba.
547 1457 658 1491 recisi
689 1468 766 1491 non
798 1461 842 1492 ut
872 1454 1020 1491 herbae
1051 1468 1096 1491 ac
1124 1461 1261 1492 cetera
1290 1455 1341 1491 ab

164 1527 332 1561 incisura
361 1528 574 1574 augentur,
598 1524 669 1561 sed
697 1525 748 1561 ab
779 1524 912 1561 radice
942 1530 1104 1561 exeunt.
1159 1530 1339 1561 crescunt

166 1600 207 1631 et
219 1596 258 1630 in
271 1594 510 1644 quibusdam
523 1595 683 1637 morbis,
695 1596 870 1631 maxime
882 1593 1046 1644 phthisi,
1059 1596 1151 1631 etin
1163 1600 1340 1638 senecta,

164 1662 362 1700 defunctis
397 1677 556 1713 quoque
589 1664 831 1713 corporibus.
888 1663 1105 1700 libidinosis
1137 1666 1338 1714 congeniti

164 1736 356 1769 maturius
386 1733 581 1776 defluunt,
607 1736 743 1784 agnati
772 1733 939 1770 celerius
968 1739 1161 1770 creseunt.
1217 1733 1339 1783 quad—

164 1802 364 1851 ripedibus
390 1809 601 1839 senectute
625 1809 874 1840 crassescunt
898 1802 1096 1853 lanaeque
1123 1809 1337 1841 rarescunt.

165 1871 454 1922 quadripedum
475 1872 590 1909 dorsa
609 1872 748 1921 pilosa,
768 1878 926 1909 ventres
946 1872 1086 1923 glabri.

264 1957 277 1976 ¹
300 1957 469 1988 Raclclzam
485 1970 491 1989 ε
518 1957 711 1998 vespertilio
728 1957 849 1988 horum
866 1962 922 1989 aut
941 1957 1227 1999 vespertilionum.

262 2000 275 2018 ²
297 2010 368 2030 esse
384 1999 458 2031 add.
478 2000 654 2031 Raclcham.

264 2043 275 2060 ³
301 2043 397 2074 Barb.
414 2056 421 2075 :
446 2044 568 2083 genitis
586 2045 679 2084 (post
695 2043 840 2084 genituri
858 2048 980 2084 sponte
997 2043 1177 2084 Mayhoff).

164 2098 232 2145 576
