1482 2312
187 420 228 448 50

184 842 221 871 51

181 1425 223 1456 52

451 151 638 188 PLINY:
692 151 952 188 NATURAI.
990 151 1224 189 HISTORY

251 252 431 290 canendo
461 252 634 289 Boeotiis
664 252 836 289 nobilem
866 252 972 289 illam
1004 253 1190 290 adversus
1223 253 1419 291 Lacedae-

253 309 402 343 monios
437 308 712 356 praesagivere
747 308 965 348 victoriam,
999 308 1056 343 ita
1089 309 1268 343 coniecta
1301 309 1419 344 inter—

252 362 477 409 pretatione
496 361 682 408 quoniam
700 361 805 395 victa
822 358 902 395 ales
920 358 986 395 illa
1003 372 1081 396 non
1098 365 1272 396 caneret.

305 412 428 448 XXV.
458 412 658 448 Desinunt
685 424 827 448 canere
855 414 1033 456 castrati,
1061 412 1166 461 quod
1195 412 1348 449 duobus
1377 413 1420 449 fit

252 465 391 509 modis,
438 464 580 501 lumbis
627 464 777 501 adustis
822 464 1020 502 candente
1067 464 1171 502 ferro
1218 471 1288 502 aut
1333 468 1420 502 imis

251 519 441 562 cruribus,
461 531 552 554 mox
574 517 703 554 ulcere
725 517 847 554 oblito
867 518 1001 567 figlina
1020 525 1140 555 creta.
1196 518 1346 555 facilius
1365 521 1422 555 ita

251 573 528 620 pinguescunt.
584 569 766 621 Pergami
797 572 978 607 omnibus
1009 573 1120 608 annis
1150 571 1420 621 spectaculum

251 623 443 673 gallorum
498 623 654 673 publice
710 623 842 660 editur
896 637 969 660 ceu
1023 624 1300 674 gladiatorum.
1364 628 1419 661 in·

253 679 409 713 venitur
423 679 463 712 in
479 676 685 713 annalibus
701 678 741 713 in
757 690 852 726 agro
869 677 1108 714 Ariminensi
1127 677 1184 714 M.
1204 677 1356 727 Lepido
1371 677 1418 724 Q.

251 729 393 766 Catulo
423 743 518 766 coss.
573 732 613 766 in
644 729 733 766 villa
763 729 910 767 Galerii
940 730 1115 767 locutum
1146 730 1422 780 gallinaceum,

251 782 386 827 semel,
408 783 513 832 quod
535 783 721 833 equidem
741 785 874 819 sciam.

302 836 448 873 XXVI.
478 836 550 872 Est
575 842 617 873 et
647 838 776 872 anseri
806 836 898 886 vigil
927 850 1020 873 cura
1049 836 1243 886 Capitolio
1271 842 1422 874 testata

252 889 431 933 defenso,
473 902 545 939 per
586 889 626 926 id
669 895 828 939 tempus
871 902 1013 926 canum
1056 890 1213 926 silentio
1255 890 1420 940 proditis

252 943 382 986 rebus,
405 955 525 992 quam
548 943 598 979 ob
620 956 781 979 causam
802 943 950 979 cibaria
972 955 1154 979 anserum
1178 956 1359 980 censores
1381 945 1421 979 in

250 997 384 1045 primis
416 995 560 1032 locant.
615 998 709 1045 quin
743 1001 784 1032 et
815 994 922 1032 fama
954 998 1096 1032 amoris
1127 997 1244 1046 Aegii
1276 996 1422 1033 dilecta

250 1047 376 1084 forma
406 1051 517 1098 pueri
548 1051 706 1085 nomine
738 1048 867 1087 Olenii
888 1048 1169 1099 Amphilochi,1
1190 1055 1231 1086 et
1252 1049 1419 1086 Glauces

250 1100 480 1138 Ptolomaeo
507 1104 590 1152 regi
618 1101 770 1138 cithara
796 1105 976 1139 canentis
1003 1116 1122 1152 quam
1151 1102 1292 1140 eodem
1320 1108 1419 1139 tem-

249 1168 343 1204 pore
367 1160 409 1191 et
432 1157 532 1191 aries
555 1168 708 1192 amasse
731 1155 922 1205 proditur.
977 1161 1112 1205 potest
1135 1161 1177 1192 et
1200 1158 1419 1206 sapientiae

249 1208 371 1244 videri
390 1208 617 1245 intellectus
637 1207 696 1245 his
717 1221 824 1246 esse:
846 1210 901 1245 ita
917 1222 1048 1246 comes
1064 1215 1260 1258 perpetuo
1275 1209 1420 1246 adhae—

249 1263 344 1298 sisse
384 1261 533 1311 Lacydi
572 1261 804 1311 philosopho
841 1261 999 1306 dicitur,
1037 1275 1231 1312 nusquam
1271 1263 1321 1299 ab
1359 1275 1420 1307 eo,

249 1327 326 1350 non
347 1316 387 1350 in
407 1314 565 1364 publico
586 1328 664 1351 non
685 1317 724 1351 in
746 1314 924 1359 balineis,
946 1328 1024 1351 non
1046 1321 1165 1352 noctu
1195 1329 1272 1352 non
1299 1318 1420 1352 inter-

247 1367 313 1404 diu
331 1367 541 1417 digressus.

299 1420 467 1457 XXVII.
498 1421 630 1457 Nostri
646 1423 905 1471 sapientiores
922 1423 987 1471 qui
1005 1434 1071 1458 eos
1086 1424 1224 1458 iecoris
1238 1422 1419 1459 bonitate

248 1486 404 1510 novere.
460 1473 655 1510 fartilibus
675 1477 714 1510 in
735 1487 921 1524 magnam
942 1474 1245 1524 amplitudinem
1265 1477 1419 1519 crescit,

336 1592 347 1612 ¹
370 1592 587 1633 Amphilochi
604 1593 678 1623 add.
698 1598 747 1631 (esc
766 1593 836 1623 Ael.
854 1592 942 1623 Hist.
959 1593 1026 1623 An.
1044 1592 1071 1624 V
1088 1593 1143 1631 29)
1160 1592 1345 1624 Hardouin.

243 1689 404 1696 ---—

283 1763 298 1778 ‘³
321 1759 477 1795 Leuctra,
503 1759 561 1790 371
592 1767 676 1790 13.C.:
708 1758 822 1790 Cicero
846 1758 922 1790 Div.
950 1758 965 1789 I
988 1759 1039 1794 74,
1062 1757 1097 1789 II
1119 1760 1160 1789 56
1182 1758 1282 1794 (from
1304 1759 1415 1791 Callis-

241 1801 383 1839 thenes).

287 1845 299 1864 ²²
324 1846 364 1875 78
380 1853 444 1875 13.c.

286 1894 296 1905 τ
319 1887 360 1918 ln
382 1888 446 1918 390
470 1895 547 1924 B.C.‚
572 1887 667 1917 when
692 1887 800 1917 Rome
827 1887 895 1918 had
919 1887 1001 1918 been
1025 1886 1129 1918 taken
1152 1886 1198 1928 by
1221 1887 1279 1918 the
1301 1887 1415 1924 Gauls,

239 1930 387 1961 Manlius
409 1929 467 1960 the
488 1929 662 1961 ex-oonsul
684 1940 752 1960 was
774 1929 959 1961 awakened
982 1930 1026 1970 by
1050 1929 1107 1960 the
1129 1929 1282 1971 cackling
1303 1930 1339 1961 of
1359 1930 1417 1961 the

240 1983 336 2013 geese
357 1973 389 2003 in
411 1973 469 2003 the
489 1972 615 2012 temple
635 1972 671 2003 of
689 1972 782 2003 Juno
801 1972 872 2011 just
894 1973 925 2003 in
947 1973 1030 2003 time
1049 1976 1086 2004 to
1106 1983 1186 2004 save
1206 1972 1264 2004 the
1283 1972 1416 2014 Capitol

240 2016 327 2046 from
347 2015 404 2046 the
422 2025 542 2056 enemy
561 2015 636 2046 who
654 2025 739 2046 were
756 2015 921 2056 storming
938 2016 975 2047 it.

242 2088 313 2124 324
