1482 2312
180 609 221 639 95

180 979 222 1010 96

183 1411 224 1441 97

442 132 631 171 PLINY:
683 132 946 170 NATURAL
982 132 1219 171 HISTORY

243 238 284 273 in
303 235 446 273 eadem
465 236 656 286 Aegypto
674 238 788 272 iuxta
807 235 997 284 oppidum
1023 234 1180 284 Copton
1204 234 1331 271 insula
1355 239 1416 272 est

243 311 356 335 sacra
390 297 482 334 Isidi
517 310 637 346 quam
669 310 720 333 ne
750 297 902 333 laceret
936 299 1061 333 amnis
1093 296 1200 333 idem
1231 299 1417 332 muniunt

244 372 379 408 opere,
396 359 677 408 incipientibus
696 361 825 395 vernis
844 357 983 394 diebus
1001 357 1119 407 palea
1138 363 1179 394 et
1196 363 1418 394 stramento

245 426 417 457 rostrum
459 423 542 456 eius
585 420 804 463 firmantes,
845 421 1088 456 continuatis
1129 431 1201 468 per
1240 418 1418 455 triduum

245 482 427 518 noctibus
452 487 569 518 tanto
593 481 730 517 labore
758 487 803 517 ut
830 480 976 517 multas
1004 483 1044 516 in
1071 493 1191 528 opere
1220 485 1260 516 et
1278 479 1293 502 1
1320 482 1418 516 mori

244 548 426 586 constet3
463 555 591 592 eaque
616 541 758 578 militia
781 541 857 578 illis
880 555 970 578 cum
994 554 1097 578 anno
1122 541 1225 578 redit
1249 553 1417 590 semper.

248 606 413 640 tertium
436 610 497 640 est
523 617 660 640 earum
684 616 810 653 genus
832 616 935 652 quae
955 606 1059 651 ripas
1080 608 1276 639 excavant
1296 607 1419 651 atque

244 668 303 702 ita
331 668 373 702 in
400 670 509 702 terra
538 664 776 701 nidificant.2
835 664 991 713 (harum
1031 664 1129 713 pulli
1161 663 1213 700 ad
1246 666 1420 700 cinerem

246 727 421 763 ambusti
463 726 669 763 mortifero
711 725 886 762 faucium
929 725 1035 761 malo
1077 725 1293 774 multisque
1335 724 1420 761 aliis

246 788 393 825 morbis
410 787 573 824 humani
592 790 764 836 corporis
781 787 1026 836 medentur.)
1078 800 1157 823 non
1174 786 1327 823 faciunt
1343 785 1420 822 hae

247 850 374 893 nidos,
395 852 651 900 migrantque
672 848 807 885 multis
829 848 969 885 diebus
991 854 1085 885 ante
1107 851 1138 885 si
1159 847 1339 884 futurum
1360 852 1421 884 est

247 917 293 948 ut
311 917 451 948 auctus
470 914 596 947 amnis
614 913 804 960 attingat.

299 972 344 1010 L.
375 973 421 1009 In
442 986 591 1023 genere
613 975 891 1022 vitiparrarum
914 977 974 1008 est
995 974 1056 1008 cui
1079 971 1194 1008 nidus
1217 984 1267 1007 ex
1287 983 1422 1007 musco

248 1034 359 1071 arido
394 1037 452 1071 ita
488 1034 672 1071 absoluta
707 1033 911 1083 perficitur
946 1033 1027 1082 pila
1063 1039 1107 1070 ut
1143 1035 1309 1069 inveniri
1343 1045 1423 1068 non

248 1099 373 1146 possit
404 1096 548 1133 aditus.
603 1095 842 1145 acanthyllis
873 1094 1101 1144 appellatur
1126 1094 1269 1131 eadem
1299 1094 1424 1144 figura

250 1171 300 1194 ex
352 1157 432 1194 lino
485 1160 682 1194 intexens.
744 1159 921 1205 picorum
974 1156 1115 1206 aliquis
1168 1155 1425 1205 suspenditur

249 1219 404 1256 surculo
415 1221 550 1268 primis
562 1221 601 1255 in
613 1221 732 1255 ramis
744 1217 879 1268 cyathi
891 1217 1023 1259 modo,
1035 1223 1079 1254 ut
1091 1217 1199 1254 nulla
1212 1216 1423 1267 quadripes

249 1284 373 1331 possit
393 1280 596 1317 accedere.
652 1279 834 1330 galgulos
851 1279 1013 1329 quidem
1028 1281 1132 1328 ipsos
1148 1278 1423 1328 dependentes

249 1342 418 1392 pedibus
440 1355 622 1379 somnum
643 1354 786 1391 capere
807 1341 1043 1378 confirmant
1066 1343 1159 1390 quia
1178 1343 1347 1376 tutiores
1367 1342 1424 1376 ita

251 1417 293 1441 se
335 1410 510 1453 sperent.
571 1405 651 1439 iam
693 1402 897 1452 publicum
940 1402 1102 1452 quidem
1143 1404 1320 1438 omnium
1363 1406 1424 1438 est

249 1465 436 1502 tabulata
461 1478 662 1502 ramorum
690 1464 923 1501 sustinendo
950 1464 1044 1500 nido
1071 1463 1234 1512 provide
1262 1463 1425 1513 eligere,

250 1540 455 1564 camarare
479 1527 529 1563 ab
552 1527 668 1562 imbri
693 1532 762 1562 aut
786 1525 927 1562 fronde
954 1531 1167 1575 protegere
1197 1524 1333 1561 densa.
1385 1526 1426 1560 in

251 1589 401 1625 Arabia
422 1587 696 1638 cinnamolgus
717 1590 797 1623 avis
818 1587 1060 1636 appellatur,
1075 1589 1245 1623 cinnami
1262 1585 1425 1622 surculis

251 1649 490 1686 nidificans.³
511 1649 728 1699 plumbatis
743 1662 808 1685 eos
821 1651 978 1699 sagittis
991 1648 1201 1685 decutiunt
1212 1647 1425 1697 indigenae

251 1714 393 1748 mercis
424 1714 568 1761 gratia.
623 1713 663 1747 in
696 1709 852 1760 Scythis
886 1712 966 1746 avis
999 1708 1276 1759 magnitudine
1308 1708 1426 1746 otidis

354 1805 368 1825 ¹
390 1805 444 1837 v.l.
460 1815 560 1847 opere
575 1804 693 1836 emori.
843 1803 856 1822 ²
879 1804 932 1834 v.l.
950 1803 998 1834 ita
1014 1802 1292 1834 internidificant.

554 1847 567 1865 ³
591 1846 765 1887 Mayhoff:
790 1846 969 1877 nidificant
985 1850 1042 1877 aut
1058 1850 1119 1877 -an

338 1955 352 1969 ⁰
376 1950 445 1982 Our
461 1949 696 1980 sand-martin.
780 1949 791 1968 ⁶
816 1949 885 1979 Our
902 1948 1102 1989 long-tailed
1119 1948 1174 1979 tit.

338 1998 348 2012 ⁶
373 1993 443 2025 Our
458 1992 644 2034 goldfinch.
780 1991 795 2010 ὅ
817 1991 898 2023 This
914 1992 942 2022 is
957 2002 1001 2022 an
1017 1990 1215 2022 unfounded
1231 1993 1338 2032 story.

253 2064 323 2104 352
