1482 2312
440 123 605 161 PLINY
619 137 629 161 ε
678 123 940 161 NATURAL
975 122 1210 161 HISTORY

181 233 221 263 88
241 240 330 264 cum
358 225 632 263 ichneumone.
689 225 874 262 XXXVI.
904 231 1044 262 notum
1075 231 1135 262 est
1164 224 1311 261 animal
1338 224 1411 262 hac

181 717 223 747 89

184 1550 224 1580 90

243 296 368 346 gloria
385 298 557 332 maxime
575 298 614 331 in
633 295 774 332 eadem
792 300 932 331 natum
951 295 1152 345 Aegypto.
1207 297 1353 345 mergit
1369 307 1411 331 se

244 365 336 402 limo
356 368 512 414 saepius
533 367 734 414 siccatque
756 364 852 408 sole,
872 377 963 401 mox
986 364 1052 400 ubi
1073 363 1250 413 pluribus
1272 363 1412 400 eodem

243 435 360 471 modo
397 447 439 471 se
476 437 588 470 coriis
626 433 818 477 loricarit,
856 436 895 469 in
933 433 1230 470 dimicationem
1268 435 1410 483 pergit.

244 506 284 540 in
307 517 355 540 ea
377 503 544 540 caudam
569 503 758 539 attollens
782 505 884 539 ictus
907 505 1045 539 inritos
1069 515 1228 539 aversus
1253 505 1413 551 excipit,

250 573 375 609 donec
404 573 563 622 obliquo
592 575 724 621 capite
751 571 979 620 speculatus
1011 571 1174 608 invadat
1200 574 1240 607 in
1265 571 1411 609 fauces.

246 656 317 678 nec
333 641 405 678 hoc
425 648 636 678 contentus
655 641 762 678 aliud
781 640 888 677 haud
906 643 1040 677 mitius
1058 640 1237 677 debellat
1255 641 1412 678 animal.

292 711 498 747 XXXVII.
528 711 775 747 Crocodilum
801 709 925 746 habet
949 709 1074 754 Nilus,
1099 710 1310 760 quadripes
1333 723 1415 747 ma-

245 780 324 817 lum
345 786 386 817 et
403 786 511 817 terra
530 783 680 829 pariter
697 793 743 816 ac
762 779 924 816 flumine
943 779 1145 816 infestum.
1201 792 1324 816 unum
1341 779 1414 817 hoc

245 849 391 886 animal
415 855 604 886 terrestre
630 849 790 899 linguae
817 862 889 885 usu
915 854 1040 892 caret,
1065 862 1188 885 unum
1214 851 1415 898 superiore

244 919 378 956 mobili
426 919 588 955 maxilla
636 921 812 968 inprimit
860 931 1047 962 morsum,
1095 918 1192 955 alias
1239 918 1415 956 terribile

244 991 478 1038 pectinatim
510 990 684 1037 stipante
717 1001 758 1024 se
783 987 963 1024 dentium
988 990 1100 1024 serie.
1140 988 1415 1038 magnitudine

246 1058 404 1094 excedit
434 1057 669 1107 plerumque
701 1057 974 1108 duodeviginti
1006 1057 1153 1094 cubita.
1208 1060 1313 1107 parit
1343 1071 1416 1094 ova

245 1133 396 1177 quanta
437 1140 610 1170 anseres,
642 1139 770 1176 eaque
813 1132 928 1163 extra
971 1140 1062 1163 eum
1099 1126 1228 1163 locum
1259 1140 1416 1176 semper

245 1196 407 1233 incubat
440 1196 783 1246 praedivinatione
818 1196 991 1246 quadam
1025 1196 1076 1233 ad
1110 1209 1228 1246 quem
1262 1210 1415 1233 summo

246 1271 365 1302 auctu
405 1279 452 1303 eo
491 1279 594 1302 anno
635 1279 863 1316 egressurus
904 1271 964 1303 est
1008 1265 1130 1303 Nilus.
1198 1279 1270 1303 nec
1308 1265 1416 1303 aliud

246 1335 393 1372 animal
407 1348 456 1372 ex
471 1338 621 1372 minore
637 1338 788 1385 origine
803 1339 843 1371 in
858 1338 1048 1372 maiorem
1063 1338 1203 1372 crescit
1218 1338 1416 1386 magnitu-

245 1405 400 1449 dinem3
448 1410 489 1442 et
531 1405 728 1455 unguibus
769 1410 905 1442 autem
947 1411 1122 1442 armatus
1165 1410 1239 1449 est,
1278 1411 1416 1442 contra

245 1488 381 1511 omnes
405 1477 505 1511 ictus
529 1480 621 1511 cute
644 1477 803 1511 invicta.
858 1474 942 1512 dies
965 1477 1005 1511 in
1027 1480 1135 1512 terra
1158 1478 1257 1525 agit,
1280 1480 1415 1512 noctes

245 1546 284 1580 in
314 1557 431 1594 aqua,
460 1547 608 1593 teporis
638 1550 853 1594 utrumque
883 1547 1049 1581 ratione.
1105 1543 1208 1581 hunc
1236 1550 1415 1582 saturum

245 1614 332 1650 cibo
379 1616 543 1663 piscium
586 1620 627 1651 et
669 1627 826 1663 semper
868 1614 1070 1651 esculento
1112 1627 1179 1651 ore
1220 1617 1260 1650 in
1300 1613 1415 1651 litore

247 1696 383 1720 somno
405 1683 545 1720 datum
567 1697 688 1733 parva
711 1686 806 1727 avis,
829 1696 933 1733 quae
956 1683 1143 1720 trochilos
1166 1683 1218 1720 ibi
1240 1689 1416 1728 vocatur,

247 1765 316 1789 rex
343 1755 473 1789 avium
501 1755 540 1789 in
570 1753 702 1797 Italia,
730 1756 874 1791 imitat
901 1753 952 1790 ad
978 1752 1168 1790 hiandum
1196 1753 1329 1803 pabuli
1357 1756 1415 1790 sui

246 1825 390 1872 gratia,
425 1835 467 1859 os
504 1825 673 1872 primum
712 1826 795 1860 eius
833 1822 1020 1860 adsultim
1057 1835 1289 1873 repurgans,
1323 1836 1415 1859 mox

247 1891 388 1929 dentes
426 1897 467 1929 et
502 1895 608 1929 intus
643 1891 778 1929 fauces
815 1905 973 1942 quoque
1008 1891 1059 1929 ad
1092 1891 1194 1928 hanc
1229 1891 1415 1929 scabendi

248 2036 270 2072 ὁ
292 1993 305 2007 ‘²
329 1988 500 2031 Probably
517 1989 575 2021 the
590 1988 776 2021 Pluvianus
792 1987 990 2030 Aegyptius.
1035 1988 1107 2021 The
1123 1992 1216 2030 story
1233 1988 1260 2020 is
1276 1999 1296 2020 a
1313 1988 1413 2020 fable.

271 2046 293 2079 4
