1482 2312
206 936 245 965 79

205 1365 246 1395 80

470 150 658 188 PLINY:
711 151 971 188 NATURAL
1009 151 1243 189 HISTORY

271 258 405 291 tractu
416 255 601 291 examina
612 253 861 304 graculorum
873 253 1255 303 monedularumque
1277 253 1356 303 (cui
1372 253 1442 291 soli

271 317 333 352 avi
364 314 551 352 furacitas
586 317 742 365 argenti
772 317 936 364 aurique
966 317 1177 364 praecipue
1212 317 1312 351 mira
1346 315 1436 365 est).

270 378 380 426 picus
427 375 598 413 Martius
642 378 682 412 in
725 375 941 412 Tarentino
986 389 1080 426 agro
1125 381 1295 426 negatur
1340 389 1440 414 esse.

272 450 398 488 nuper
420 443 461 474 et
483 436 610 474 adhuc
632 442 769 473 tamen
790 450 876 473 rara
898 437 947 473 ab
970 437 1208 487 Appennino
1230 437 1280 473 ad
1302 437 1441 475 urbem

270 512 404 535 versus
440 501 546 535 cerni
588 511 755 548 coepere
790 500 967 548 picarum
1002 511 1150 548 genera
1186 511 1287 548 quae
1323 498 1442 549 longa

270 562 443 610 insignes
485 559 612 596 cauda
649 562 779 596 variae
818 559 1089 609 appellantur3
1145 562 1347 610 proprium
1383 559 1444 597 his

271 621 491 658 calvescere
509 622 690 658 omnibus
708 623 819 657 anm's
836 634 926 657 cum
943 623 1086 657 seritur
1102 634 1208 671 rapa.
1263 621 1443 671 perdices

272 696 350 719 non
366 682 613 719 transvolant
636 682 825 719 Boeotiae
849 682 946 719 fines
969 684 1009 718 in
1032 682 1245 726 Atticam,1
1269 695 1342 719 nec
1364 682 1443 720 ulla

273 746 353 781 avis
369 746 409 780 in
426 743 543 781 Ponti
559 743 686 780 insula
703 757 781 793 qua
794 743 972 794 sepultus
986 749 1047 780 est
1060 742 1232 780 Achilles
1249 749 1444 781 sacratam

272 808 307 842 ei
324 805 477 843 aedem.
531 808 572 841 in
585 805 778 842 Fidenate
795 818 890 855 agro
901 807 1014 842 iuxta
1029 805 1168 841 urbem
1183 807 1356 843 ciconiae
1372 818 1445 843 nec

270 867 396 917 pullos
414 881 486 904 nec
501 867 638 904 nidum
653 865 816 904 faciunt.
872 872 914 903 at
928 868 968 902 in
984 879 1124 917 agrum
1138 865 1443 904 Volaterranum

271 928 518 979 palumbium
534 931 589 965 vis
607 941 628 965 e
651 931 750 965 mari
772 930 983 978 quotannis
1006 927 1175 965 advolat.
1231 927 1381 966 Romae
1402 930 1444 965 in

271 990 413 1027 aedem
434 989 615 1027 Herculis
634 992 675 1026 in
695 989 779 1027 foro
798 989 939 1026 Boario
958 1002 1032 1026 nec
1052 1002 1212 1027 muscae
1232 1002 1306 1026 nec
1325 1002 1443 1027 canes

270 1054 432 1088 intrant.
469 1051 813 1102 multapraeterea
822 1051 1442 1101 similia,quaeprudenssubinde

271 1115 413 1150 omitto
433 1115 474 1149 in
493 1113 654 1163 singulis
674 1113 900 1163 generibus,
920 1111 1079 1149 fastidio
1097 1125 1277 1163 parcens,
1296 1114 1443 1163 quippe

271 1188 361 1211 cum
373 1173 669 1224 Theophrastus
682 1174 816 1211 tradat
828 1176 1054 1211 invecticias
1068 1186 1153 1211 esse
1165 1175 1205 1210 in
1214 1174 1309 1210 Asia
1322 1176 1443 1211 etiam

270 1235 471 1273 columbas
508 1241 550 1273 et
586 1249 758 1286 pavones
795 1241 837 1272 et
873 1248 1006 1272 corvos
1023 1235 1038 1258 2
1075 1241 1116 1272 et
1150 1237 1191 1271 in
1228 1234 1445 1286 Cyrenaica

270 1297 424 1334 vocales
443 1310 568 1334 ranas.

323 1359 452 1395 XLII.
482 1358 572 1395 Alia
598 1358 807 1395 admiratio
833 1360 935 1395 eirca
962 1360 1134 1395 oscines:
1175 1357 1258 1395 fere
1283 1363 1443 1395 mutant

271 1420 441 1457 colorem
471 1433 690 1470 vocemque
720 1426 902 1469 tempore
932 1421 1038 1463 anni,
1069 1432 1114 1456 ac
1144 1424 1311 1470 repente
1342 1419 1443 1456 fiunt

271 1482 384 1526 aliae,
405 1482 511 1532 quod
523 1484 563 1518 in
577 1481 787 1532 grandiore
802 1481 940 1518 alitum
954 1494 1102 1532 genere
1122 1493 1240 1531 grues
1260 1486 1420 1517 tantum
1434 1494 1442 1517 :

271 1542 346 1580 hae
382 1546 487 1580 enim
521 1549 731 1580 senectute
765 1545 1006 1593 nigrescunt.
1061 1542 1213 1579 merula
1247 1555 1296 1579 ex
1330 1544 1444 1593 nigra

271 1604 456 1648 rufescit3
494 1607 601 1641 canit
627 1610 797 1648 aestate,
822 1603 953 1641 hieme
978 1603 1165 1648 balbutit,
1190 1605 1293 1640 circa
1317 1603 1444 1640 solsti-

271 1668 372 1702 tium
391 1672 525 1709 muta3
559 1672 731 1702 rostrum
751 1678 910 1715 quoque
931 1665 1119 1702 anniculis
1139 1667 1179 1701 in
1200 1665 1297 1702 ebur
1316 1670 1443 1702 trans-

274 1727 480 1777 figuratur,
512 1727 725 1764 dumtaxat
756 1727 942 1764 maribus.
995 1726 1122 1764 turdis
1153 1726 1257 1763 colos
1289 1731 1444 1763 aestate

271 1791 374 1825 circa
390 1791 584 1826 cervicem
600 1791 744 1833 varius,
760 1788 891 1825 hieme
909 1787 1209 1825 concoloribus.³

481 1875 493 1893 1
517 1875 656 1906 Gesner:
682 1875 807 1905 Attica.
1016 1874 1028 1892 2
1051 1874 1104 1905 vl.
1120 1883 1248 1905 cervos.

654 1917 667 1936 ³
692 1916 849 1958 Mayhosf
861 1928 867 1947 :
891 1915 1058 1948 concolor.

780 2024 795 2038 ⁵
819 2020 938 2050 Leuce.

267 2085 335 2122 342
