1482 2312
138 652 180 682 60

140 1275 177 1305 61

402 128 529 166 PLIN
531 129 567 165 Y
581 142 590 166 :
639 128 901 166 NATURAL
936 126 1171 165 HISTORY

204 235 368 269 metrius
403 231 601 281 physicus,
636 234 833 267 iacentem
871 233 909 266 in
944 229 1076 266 media
1110 232 1172 265 via
1206 228 1372 266 hominis

204 301 398 338 desiderio
425 306 589 349 repente
617 302 845 349 apparuisse
873 301 974 348 patri
1001 298 1204 335 cuiusdam
1232 298 1372 335 Philini

205 370 462 407 adsectatoris
496 371 728 418 sapientiae.
784 368 893 404 illum
929 381 1072 417 pavore
1106 370 1280 417 coepisse
1315 380 1375 404 re-

204 439 330 489 gredi,
363 439 488 475 feram
524 451 614 474 vero
648 437 966 474 circumvolutari
1000 450 1077 473 non
1111 436 1230 473 dubie
1263 436 1374 472 blan-

205 508 382 545 dientem
414 520 580 556 seseque
611 506 909 543 conflictantem
942 518 1120 542 maerore
1153 508 1219 555 qui
1252 508 1374 542 etiam

206 580 244 613 in
265 576 460 626 panthera
481 576 658 626 intellegi
681 578 825 625 possit:
863 575 947 612 feta
971 581 1057 612 erat
1078 575 1219 611 catulis
1240 573 1374 624 procul

208 649 244 682 in
272 645 426 683 foveam
453 645 635 694 delapsis.
690 647 860 694 primum
889 658 983 694 ergo
1011 646 1272 681 miserationis
1299 643 1374 680 fuit

206 728 283 752 non
320 728 596 764 expavescere,
633 717 855 764 proximum
894 720 934 750 et
971 727 1105 750 curam
1144 713 1373 756 intendere;

206 790 443 834 secutusque
492 797 570 834 qua
617 783 807 820 trahebat
857 790 1008 820 vestem
1059 786 1250 832 unguium
1299 782 1372 819 levi

206 856 367 897 injectu,
389 859 433 890 ut
453 866 614 890 causam
635 852 778 889 doloris
800 852 999 889 intellexit
1022 852 1215 902 simulque
1237 851 1374 889 salutis

207 936 301 959 suae
328 922 566 966 mercedem,
595 925 743 958 exemit
769 921 935 965 catulos,
965 935 1012 958 ea
1039 935 1128 958 cum
1156 921 1214 958 his
1241 934 1372 971 prose-

207 997 354 1042 quente
375 1005 500 1042 usque
521 997 637 1029 extra
658 991 888 1028 solitudines
909 991 1104 1028 deductus
1125 990 1232 1027 laeta
1252 996 1374 1040 atque

206 1064 420 1111 gestiente,
456 1067 500 1097 ut
537 1060 652 1097 facile
691 1066 902 1110 appareret
940 1063 1111 1110 gratiam
1149 1060 1296 1097 referre
1334 1065 1375 1097 et

208 1130 303 1166 nihil
328 1133 367 1166 in
393 1133 517 1167 vicem
536 1133 733 1179 inputare,
751 1130 857 1179 quod
874 1133 996 1166 etiam
1014 1133 1052 1166 in
1069 1129 1228 1166 homine
1244 1143 1375 1166 rarum

208 1207 281 1237 est.

259 1269 389 1306 XXII.
421 1269 531 1306 Haec
572 1269 691 1306 fidem
731 1275 772 1306 et
814 1269 1043 1306 Democrito
1083 1269 1269 1306 adferunt
1308 1272 1374 1319 qui

207 1338 427 1375 Thoantem
462 1341 500 1374 in
534 1339 705 1375 Arcadia
738 1344 937 1375 servatum
970 1352 992 1374 a
1025 1339 1195 1375 dracone
1228 1344 1375 1375 narrat.

209 1410 403 1444 nutrierat
432 1421 522 1444 eum
551 1421 650 1457 puer
677 1408 868 1445 dilectum
898 1408 1125 1452 admodum,
1152 1421 1375 1457 parensque

208 1480 401 1526 serpentis
443 1483 625 1513 naturam
669 1483 709 1513 et
750 1477 1068 1527 magnitudinem
1113 1483 1293 1514 metuens
1336 1480 1375 1513 in

208 1546 436 1583 solitudines
462 1546 625 1589 tulerat,
652 1549 691 1582 in
717 1547 857 1596 quibus
883 1550 1150 1583 circumvento
1177 1546 1374 1583 latronum

209 1616 353 1652 insidiis
396 1618 612 1665 agnitoque
656 1629 749 1652 voce
792 1616 987 1653 subvenit.
1042 1629 1134 1652 nam
1177 1629 1280 1666 quae
1323 1616 1372 1654 de

210 1684 422 1721 infantibus
443 1684 615 1721 ferarum
635 1685 740 1722 laete
763 1688 921 1722 nutritis
941 1699 1029 1722 cum
1052 1691 1183 1722 essent
1205 1688 1372 1735 expositi

209 1754 439 1803 produntur,
481 1757 581 1791 sicut
627 1754 676 1791 de
723 1755 989 1792 conditoribus
1032 1758 1173 1792 nostris
1215 1768 1237 1791 a
1268 1755 1374 1805 lupa,

209 1823 470 1873 magnitudini
495 1823 667 1860 fatorum
697 1830 861 1873 accepta
881 1824 1018 1862 referri
1034 1824 1048 1847 1
1070 1827 1232 1875 aequius
1253 1838 1371 1876 quam

211 1893 382 1930 ferarum
398 1898 564 1929 naturae
579 1893 757 1930 arbitror.

535 1995 546 2013 ¹
570 1994 758 2026 Raclcham:
786 1994 864 2026 ferri
878 2000 933 2026 aut
948 1996 1027 2026 fieri.

205 2056 252 2100 46
