1482 2312
167 325 207 355 86

169 811 208 842 87

169 1161 210 1191 88

172 1859 213 1889 89

431 145 597 184 PLINY
612 159 620 182 ι
671 145 932 183 NATURAL
968 144 1203 183 HISTORY

233 251 360 286 minor
395 251 605 286 tenacitas.
660 248 732 286 soli
768 248 947 285 mollium
983 251 1023 285 in
1059 251 1205 285 siccum
1243 253 1407 292 exeunt,

233 319 447 356 dumtaxat
491 331 698 367 asperum:
757 317 964 355 levitatem
1008 317 1140 355 odere.
1196 323 1408 355 vescuntur

234 387 530 438 conchyliorum
582 400 717 432 carne,
771 401 939 437 quorum
990 386 1159 424 conchas
1211 387 1408 437 conplexu

234 461 400 495 crinium
451 457 666 507 frangunt3
733 460 870 507 itaque
922 457 1242 507 praeiacentibus
1292 459 1407 494 testis

233 527 363 564 cubile
382 540 517 564 eorum
535 526 860 576 deprehenditur.
918 532 959 564 et
976 540 1066 563 cum
1083 526 1228 576 alioqui
1246 526 1408 563 brutum

235 596 432 634 habeatur
447 596 608 640 animal,
624 602 668 633 ut
686 596 790 646 quod
805 596 856 633 ad
871 610 1034 633 manum
1047 595 1214 633 hominis
1227 595 1409 640 adnatet,

235 670 275 702 in
292 680 334 703 re
353 666 646 716 quodammodo
664 665 848 702 familiari
866 666 1008 703 callet:
1041 669 1172 703 omnia
1190 669 1230 702 in
1247 665 1409 703 domum

234 742 474 786 comportat,
499 736 592 773 dein
617 739 826 785 putamina
853 749 965 773 erosa
990 749 1109 773 carne
1136 738 1264 786 egerit
1289 735 1410 772 adna-

235 812 450 856 tantesque
474 805 679 855 pisciculos
703 805 754 842 ad
777 819 825 843 ea
848 812 1028 843 venatur.
1083 805 1255 843 colorem
1278 811 1410 842 mutat

235 875 286 912 ad
315 875 615 912 similitudinem
643 875 731 919 loci,
761 881 802 912 et
831 878 1005 912 maxime
1034 878 1074 912 in
1102 881 1226 912 metu.
1281 878 1409 925 ipsum

236 944 419 982 bracchia
435 959 505 982 sua
522 945 663 982 rodere
679 944 779 981 falsa
796 948 928 995 opinio
945 952 1021 990 est,
1037 945 1077 982 id
1095 948 1200 982 enim
1218 959 1240 982 a
1256 948 1410 995 congris

237 1018 370 1052 evenit
391 1018 448 1058 ei;
482 1015 554 1052 sed
573 1018 724 1052 renasci
744 1018 846 1052 sicut
865 1015 1004 1052 colotis
1026 1021 1066 1052 et
1086 1015 1245 1053 lacertis
1264 1015 1410 1052 caudas

236 1084 334 1122 haut
353 1083 509 1122 falsum.

286 1154 453 1191 XLVII.
484 1155 596 1191 Inter
624 1158 840 1204 praecipua
869 1161 1005 1192 autem
1035 1155 1225 1192 miracula
1254 1161 1315 1192 est
1344 1158 1409 1206 qui

238 1231 402 1262 vocatur
446 1224 632 1266 nautilos‚
677 1225 727 1261 ab
773 1225 858 1262 aliis
903 1225 1109 1275 pompilos.
1165 1228 1327 1275 supinus
1371 1228 1411 1262 in

238 1307 392 1332 summa
412 1307 630 1344 aequorum
651 1297 847 1344 pervenit,
868 1297 925 1332 ita
949 1308 991 1332 se
1015 1295 1210 1345 paulatim
1235 1295 1412 1332 absubri-

237 1377 335 1414 gens
352 1370 397 1401 ut
415 1367 557 1401 emissa
574 1367 680 1401 omni
697 1377 768 1414 per
784 1364 958 1401 fistulam
975 1378 1079 1415 aqua
1095 1365 1205 1402 velut
1222 1378 1412 1402 exonera-

236 1440 301 1471 tus
354 1437 511 1471 sentina
562 1433 679 1471 facile
731 1437 906 1484 naviget.
961 1441 1103 1484 postea
1153 1437 1281 1484 prima
1331 1434 1410 1472 duo

237 1503 420 1540 bracchia
457 1510 692 1554 retorquens
730 1505 1007 1541 membranam
1044 1507 1149 1542 inter
1184 1504 1252 1541 illa
1287 1508 1411 1541 mirae

237 1576 447 1611 tenuitatis
478 1574 676 1617 extendit,
706 1587 784 1624 qua
813 1574 1039 1611 velificante
1067 1577 1107 1610 in
1138 1588 1233 1611 aura
1267 1577 1411 1611 ceteris

237 1644 511 1694 subremigans
526 1643 718 1681 bracchiis
734 1644 866 1681 media
882 1658 924 1681 se
939 1644 1066 1681 cauda
1082 1650 1127 1681 ut
1143 1644 1411 1694 gubernaculo

238 1716 354 1764 regit.
410 1717 466 1750 ita
479 1713 588 1751 vadit
603 1713 685 1751 alto
705 1713 1007 1751 Liburnicarum
1020 1714 1160 1751 ludens
1173 1714 1187 1737 1
1206 1713 1411 1764 imagine,²

239 1786 270 1820 si
292 1783 387 1833 quid
408 1786 562 1832 pavoris
584 1786 839 1828 interveniat,
860 1782 1004 1821 hausta
1024 1797 1066 1821 se
1087 1797 1272 1834 mergens
1293 1797 1408 1834 aqua.

290 1852 476 1891 XLVIII.
510 1852 749 1903 Polyporum
781 1856 939 1903 generis
973 1859 1034 1890 est
1067 1866 1216 1890 ozaena
1248 1853 1355 1891 dicta
1387 1867 1410 1890 a

574 1951 585 1969 ²
608 1950 661 1980 v.l.
678 1949 841 1990 gaudens,
859 1950 915 1980 aed
931 1959 982 1990 cp.
1001 1952 1016 1990 ξ
1033 1951 1084 1982 94.

573 1993 585 2011 ²
606 1992 813 2033 imaginem?
837 1992 1015 2024 Rackluzm.

241 2067 310 2092 220
