1482 2312
187 411 225 441 41

185 890 226 921 42

185 1372 226 1402 43

452 142 618 180 PLINY
632 156 641 181 :
692 144 955 182 NATURAL
992 143 1227 182 HISTORY

252 245 427 283 creditur
442 246 571 296 vulgo.
625 245 791 283 Trebius
807 252 945 284 auctor
960 252 1021 284 est
1035 246 1189 284 clavum
1204 261 1424 286 cuneumve

253 301 439 337 adactum
483 305 634 349 quanta
675 299 798 336 libeat
840 302 874 336 vi
917 301 1044 336 arbori
1087 302 1126 337 in
1167 314 1245 350 qua
1288 301 1423 338 nidum

254 352 401 389 habeat
447 355 584 389 statim
629 352 766 389 exilire
810 366 899 389 cum
944 355 1097 403 crepitu
1143 355 1290 391 arboris
1334 368 1423 391 cum

254 405 473 442 insederit.1
545 408 616 456 ipsi
675 405 909 456 principales
962 406 1077 443 Latio
1127 413 1218 444 sunt
1268 410 1307 443 in
1358 421 1423 444 au-

252 461 373 509 guriis
412 472 434 495 a
472 471 566 509 rege
606 461 671 508 qui
711 472 855 496 nomen
894 459 985 496 huic
1023 462 1082 496 avi
1122 460 1246 497 dedit.
1303 474 1424 497 unum

253 525 389 548 eorum
430 514 670 561 praescitum
710 515 876 549 transire
918 526 995 549 non
1035 526 1150 562 queo.
1215 516 1254 550 in
1293 516 1424 564 capite

252 568 446 615 praetoris
481 566 620 602 urbani
655 565 757 602 Aelii
792 566 1011 602 Tuberonis
1045 568 1084 602 in
1119 565 1203 603 foro
1237 569 1321 603 iura
1352 581 1425 618 pro

252 618 439 655 tribunali
472 618 676 655 reddentis
707 618 811 656 sedit
842 621 898 655 ita
928 619 1081 669 placide
1113 625 1157 656 ut
1188 633 1308 657 manu
1338 633 1423 671 pre-

252 671 506 708 henderetur.
563 671 802 722 respondere
827 678 937 709 vates
961 674 1126 709 exitium
1150 675 1315 723 imperio
1337 687 1423 724 por-

252 725 362 762 tendi
396 727 425 761 si
458 725 744 770 dimitteretur,
775 731 818 762 at
848 728 878 762 si
912 728 1207 762 exanimaretur
1236 729 1422 776 praetori.

252 778 316 815 ille
345 784 480 815 autem
495 777 510 801 ²
539 781 717 828 protinus
740 781 974 829 concerpsit,
997 792 1070 816 nec
1093 779 1219 816 multo
1241 785 1332 830 post
1354 782 1425 816 im-

251 831 374 882 plevit
398 832 631 881 prodigium.

303 885 413 921 XXI.
445 885 668 921 Vescuntur
685 892 727 922 et
743 885 888 935 glande
907 887 945 921 in
964 884 1036 922 hoc
1053 898 1200 935 genere
1218 888 1424 937 pomisque

252 938 418 980 multae,
431 938 500 974 sed
517 951 619 988 quae
638 951 756 975 carne
774 944 948 982 tantum,
966 952 1043 975 non
1061 940 1236 983 bibunt?
1254 945 1424 990 excepto

252 991 384 1035 milvo,
418 991 524 1040 quod
563 993 690 1041 ipsum
735 994 774 1028 in
808 994 981 1042 auguriis
1014 992 1142 1029 dirum
1177 998 1250 1029 est.
1305 1006 1424 1030 uncos

253 1058 406 1094 ungues
434 1044 629 1081 habentes
657 1048 816 1081 omnino
844 1058 921 1081 non
948 1051 1255 1095 congregantur,
1282 1052 1324 1083 et
1351 1047 1423 1083 sibi

253 1111 437 1148 quaeque
466 1098 720 1148 praedantur.
776 1104 868 1135 sunt
896 1104 1032 1135 autem
1061 1112 1197 1136 omnes
1226 1098 1308 1136 fere
1337 1099 1423 1136 alti-

252 1151 363 1188 volae
383 1157 543 1201 praeter
561 1157 787 1196 nocturnas,
806 1158 848 1188 et
866 1154 991 1202 magis
1010 1154 1188 1189 maiores.
1244 1153 1424 1190 omnibus

252 1204 338 1241 alae
358 1205 543 1255 grandes,
563 1218 703 1254 corpus
724 1207 924 1255 exiguum.
979 1205 1185 1242 ambulant
1204 1205 1422 1243 difficulter.

252 1261 291 1294 in
328 1261 451 1308 petris
487 1272 574 1294 raro
609 1260 831 1295 consistunt
866 1264 1075 1295 curvatura
1111 1261 1301 1309 unguium
1337 1273 1423 1310 pro-

251 1310 429 1348 hibente.

303 1365 436 1401 XXII.
467 1364 580 1401 Nunc
604 1364 653 1401 de
677 1364 850 1402 secundo
873 1378 1020 1415 genere
1043 1365 1233 1409 dicamus,
1257 1365 1363 1416 quod
1384 1368 1424 1402 in

252 1417 350 1454 duas
389 1418 578 1455 dividitur
616 1421 781 1468 species,
820 1420 970 1455 oscines
1010 1424 1051 1455 et
1090 1418 1215 1455 alites.
1270 1418 1424 1456 illarum

252 1474 388 1521 generi
408 1478 548 1508 cantus
568 1474 658 1515 oris,
676 1471 735 1508 his
754 1472 988 1522 magnitudo
1007 1471 1270 1508 differentiam
1290 1472 1423 1516 dedit3

253 1527 389 1575 itaque
407 1525 651 1576 praecedent
670 1531 711 1562 et
729 1525 880 1569 ordine,
898 1538 1114 1575 omnesque
1133 1525 1302 1575 reliquas
1320 1528 1361 1562 in
1377 1528 1423 1562 iis

472 1605 483 1624 ¹
507 1605 688 1636 Pintianus
704 1618 710 1637 ε
736 1605 898 1636 insederit
914 1605 1012 1636 clavo
1029 1609 1089 1636 aut
1105 1616 1222 1637 cuneo.

395 1648 406 1666 ²
428 1648 482 1679 v.l.
499 1652 534 1679 et,
550 1647 603 1679 ille
620 1658 731 1679 avem.
918 1648 931 1667 ³
956 1648 995 1679 M
998 1648 1111 1688 ayhoff
1122 1661 1129 1680 ε
1154 1649 1288 1680 vivunt.

293 1765 308 1780 ⁰
330 1761 440 1797 Picus,
461 1761 572 1792 father
590 1761 629 1792 of
644 1761 796 1797 Latinus,
816 1772 884 1792 was
904 1761 1054 1802 changed
1074 1762 1146 1792 into
1165 1772 1185 1792 a
1204 1761 1424 1803 woodpecker

251 1804 413 1877 bybeirce,
421 1804 634 1878 (JYhsssZzlov‘e
642 1804 691 1878 ἐξ)
708 1804 773 1835 had
790 1804 945 1845 slighted.

364 1852 654 1884 iz.1za1e‚32
682 1872 689 1878 .

293 1895 304 1908 ⁶
325 1890 439 1921 Cicero
453 1858 542 1921 ΚΖΒ.
559 1890 592 1920 ΙΙ
610 1891 681 1927 160,
694 1890 768 1921 Βιύ.
784 1890 799 1920 Ι
817 1891 876 1921 120
889 1891 982 1930 gives
996 1890 1054 1921 the
1067 1900 1159 1921 same.
1171 1890 1420 1922 elassification.

249 1933 320 1963 The
336 1933 498 1963 inelusion
516 1933 552 1963 of
567 1933 625 1963 the
642 1932 788 1972 peaeock
805 1933 838 1963 in
855 1933 913 1964 the
928 1933 1031 1964 latter
1046 1933 1131 1963 class
1147 1933 1256 1964 shows
1272 1933 1349 1964 that
1365 1933 1422 1964 the

250 1978 334 2006 term
354 1975 421 2007 ales
440 1976 541 2006 refers
560 1976 674 2006 rather
692 1980 728 2006 to
747 1975 880 2016 display
900 1976 936 2006 of
953 1976 1011 2006 the
1030 1976 1133 2016 wings
1152 1976 1236 2006 than
1255 1979 1291 2007 to
1309 1976 1423 2007 actual

249 2018 363 2058 flight;
394 2019 462 2049 and
483 2018 541 2050 the
562 2018 725 2049 inclusion
747 2019 782 2050 of
802 2018 860 2049 the
880 2018 962 2049 cock
984 2019 1011 2049 is
1030 2017 1181 2058 justified
1202 2019 1247 2060 by
1268 2019 1422 2061 pointing

251 2064 321 2111 318
