1482 2312
381 110 545 148 PLINY
560 123 568 147 :
619 109 880 147 NATURAL
915 107 1149 146 HISTORY

186 216 286 250 citra
307 212 571 263 Cynamolgos
594 211 814 261 Aethiopas
834 211 917 248 late
938 211 1097 247 deserta
1118 212 1227 260 regio
1249 214 1309 246 est
1331 222 1353 245 a

186 282 453 332 scorpionibus
482 287 523 318 et
550 281 738 330 solipugis
765 286 888 330 gente
915 279 1087 323 sublata,
1115 285 1156 316 et
1183 292 1206 315 a
1233 278 1355 315 scolo-

187 351 346 401 pendris
362 352 523 387 abactos
539 349 799 386 Rhoetienses
815 354 953 386 auctor
969 355 1028 386 est
1043 347 1352 397 Theophrastus.

238 419 316 457 Sed
335 420 385 457 ad
402 420 555 470 reliqua
572 419 745 456 ferarum
764 432 913 469 genera
931 418 1151 455 redeamus.

105 495 166 526 105
236 489 378 526 XLIV.
408 489 586 539 Hyaenis
606 494 818 538 utramque
835 501 920 524 esse
935 493 1120 524 naturam
1137 492 1178 524 et
1193 486 1356 523 alternis

188 562 299 596 annis
324 561 442 596 maris
467 559 631 595 alternis
656 558 824 594 feminas
850 557 948 600 fieri,
972 570 1112 606 parere
1138 559 1222 593 sine
1246 568 1356 592 mare

189 628 327 678 vulgus
357 628 497 672 credit,
528 627 765 664 Aristoteles
795 632 931 677 negat.
985 626 1129 663 collum
1159 625 1233 662 ut1
1265 625 1358 662 iuba

189 701 228 735 in
244 701 555 735 continuitatem
569 697 585 720 2
606 699 742 746 spinae
759 699 974 746 porrigitur
989 695 1176 745 flectique
1193 698 1265 732 nisi
1286 697 1357 732 cir-

108 772 167 803 106
187 772 371 803 cumactu
385 769 508 803 totius
521 769 692 815 corporis
706 769 857 816 nequit.
899 765 1025 802 multa
1037 771 1248 815 praeterea
1259 766 1359 802 mira

188 836 415 879 traduntur,
444 836 513 873 sed
543 838 715 872 maxime
744 848 968 872 sermonem
1002 834 1220 871 humanum
1255 836 1360 870 inter

189 911 392 955 pastorum
404 905 561 942 stabula
572 905 809 942 adsimulare
821 917 1045 954 nomenque
1057 903 1219 941 alicuius
1231 903 1359 940 addis-

189 988 279 1012 cere
303 988 422 1024 quem
453 980 661 1011 evocatum
682 974 774 1011 foris
800 974 965 1018 laceret,
985 977 1083 1010 item
1103 976 1359 1010 vomitionem

189 1043 356 1081 hominis
380 1047 526 1081 imitari
549 1044 600 1081 ad
622 1044 889 1081 sollicitandos
912 1057 1031 1080 canes
1055 1057 1152 1093 quos
1175 1042 1360 1086 invadat3

189 1114 239 1150 ab
257 1127 335 1150 uno
353 1114 515 1150 animali
532 1113 740 1163 sepulchra
759 1116 841 1150 erui
860 1116 1113 1163 inquisitione
1130 1123 1360 1162 corporum;

189 1183 379 1220 feminam
419 1197 507 1220 raro
545 1186 655 1233 capi3
710 1183 831 1220 oculis
871 1183 978 1220 mille
1019 1196 1105 1220 esse
1145 1185 1360 1219 varietates

188 1253 443 1303 colorumque
483 1256 748 1296 mutationes3
802 1259 1013 1303 praeterea
1062 1252 1227 1289 umbrae
1277 1254 1360 1289 eius

189 1328 377 1359 contactu
394 1336 512 1360 canes
531 1323 829 1366 obmutescere;
862 1329 903 1360 et
933 1322 1170 1373 quibusdam
1198 1324 1361 1372 magicis

190 1392 340 1429 artibus
364 1406 481 1429 omne
506 1393 651 1429 animal
675 1393 782 1442 quod
796 1398 859 1430 ter
879 1392 1105 1429 lustraverit
1129 1395 1168 1428 in
1194 1394 1361 1441 vestigio

109 1467 169 1498 107
190 1461 367 1499 haerere.
422 1462 543 1499 XLV.
574 1463 701 1499 Huius
724 1465 881 1513 generis
903 1465 1011 1499 coitu
1033 1462 1173 1499 leaena
1196 1460 1361 1498 Aethio-

190 1533 278 1581 pica
317 1534 421 1581 parit
461 1538 719 1576 corocottam,
759 1531 941 1569 similiter
981 1545 1094 1569 voces
1135 1533 1361 1568 imitantem

191 1600 394 1637 hominum
414 1614 704 1652 pecorumque;
737 1605 841 1639 acies
862 1604 897 1638 ei
916 1607 1112 1651 perpetua
1132 1604 1172 1637 in
1191 1606 1361 1650 utraque

190 1676 306 1720 parte
322 1674 398 1708 oris
414 1671 529 1708 nullis
545 1674 727 1722 gingivis,
743 1671 866 1708 dente
881 1674 1083 1714 continuo,
1099 1683 1149 1707 ne
1165 1672 1361 1707 contrario

191 1752 352 1777 occursu
383 1739 599 1778 hebetetur
627 1754 835 1790 capsarum
866 1740 983 1777 modo
1014 1739 1238 1776 includitur.
1293 1738 1362 1776 ho-

520 1827 527 1845 ¹
554 1826 725 1867 Mayhoff:
751 1830 796 1858 et.

517 1870 529 1888 ²
554 1869 708 1910 Mayhoff
720 1882 726 1901 :
752 1869 833 1901 iuba
850 1872 885 1900 et
901 1869 1044 1901 unitate.

554 1975 567 1994 θ’
592 1973 644 2007 An
662 1971 834 2005 unknown
851 1971 986 2005 animal.
