1482 2312
109 508 171 540 179

113 943 174 974 180

114 1312 172 1344 181

392 152 558 190 PLINY
572 165 580 189 :
631 152 893 190 NATURAL
929 151 1164 190 HISTORY

194 258 306 294 tenui
332 258 415 293 eius
440 256 673 293 membrana
697 255 814 292 modo
839 258 960 293 incisa
982 259 1118 293 statim
1148 258 1361 306 expiretur.

195 319 336 368 quibus
356 317 474 369 longa
493 331 606 354 crura
624 316 683 354 his
706 317 824 368 longa
844 323 886 355 et
903 317 1024 361 colla;
1055 320 1154 355 item
1172 321 1364 368 aquaticis

196 382 376 430 quamvis
395 380 530 417 brexia
552 393 665 416 crura
687 378 940 424 habentibus,
963 379 1078 416 simili
1101 380 1218 417 modo
1245 393 1364 417 uncos

200 455 365 492 ungues.

246 503 432 540 LXVIII.
463 503 614 540 Guttur
631 503 779 540 homini
798 509 958 540 tantum
978 509 1019 541 et
1037 504 1157 541 subus
1175 506 1365 542 intumes-

195 568 251 602 cit
277 579 469 615 aquarum
496 579 598 615 quae
625 571 815 615 potantur
841 565 1074 615 plerumque
1101 568 1207 603 vitio.
1263 580 1365 603 sum-

198 641 306 664 mum
330 627 447 678 gulae
472 627 605 664 fauces
630 633 833 671 vocantur,
857 633 1103 677 postremusn
1127 627 1364 665 stomachus.

196 689 269 726 hoc
282 691 439 726 nomine
454 695 515 726 est
527 690 599 726 sub
613 691 758 726 arteria
769 691 847 726 iam
860 701 1023 726 carnosa
1034 691 1203 726 inanitas
1212 690 1367 727 adnexa

197 754 346 802 spinae,
385 751 435 788 ad
472 750 726 788 latitudinem
763 764 808 788 ac
846 751 1135 802 longitudinem
1173 751 1365 802 lagoenae

196 813 313 850 modo
341 812 440 850 fusa.
495 814 636 863 quibus
666 813 798 850 fauces
827 827 905 850 non
935 819 1026 850 sunt
1054 827 1103 850 ne
1143 813 1367 850 stomachus

198 875 358 926 quidem
381 881 456 920 est,
478 889 551 912 nec
573 874 672 912 colla
693 889 766 912 nec
788 881 940 926 guttur,
964 881 1008 912 ut
1029 876 1215 925 piscibus,
1238 882 1280 913 et
1301 889 1368 913 ora

198 938 400 974 ventribus
454 939 683 987 iunguntur.
739 936 929 974 testudini
997 940 1172 974 marinae
1234 937 1369 988 lingua

199 998 304 1036 nulla
333 1005 394 1036 est
421 1012 495 1036 nec
523 999 678 1043 dentes,
707 1001 821 1036 rostri
851 1001 935 1035 acie
963 1001 1195 1035 comminuit
1223 1002 1365 1036 omnia.

200 1066 337 1111 postea
373 1063 518 1097 arteria
553 1066 594 1097 et
630 1059 856 1097 stomachus
891 1060 1159 1097 denticulatus
1195 1060 1294 1097 callo
1329 1063 1368 1096 in

198 1122 359 1159 modum
396 1123 482 1159 rubi
521 1122 572 1159 ad
608 1121 869 1159 conficiendos
898 1122 1018 1166 cibos,
1047 1122 1368 1159 decrescentibus

199 1183 335 1221 rimis1
365 1183 581 1234 quicquid²
616 1184 935 1234 adpropinquent
968 1186 1118 1226 ventri3
1162 1186 1369 1220 now'ssima

200 1248 390 1296 asperitas
417 1251 462 1282 ut
488 1246 671 1282 scobinae
687 1244 703 1267 3
730 1244 889 1282 fabrilis.

254 1307 398 1344 LXIX.
428 1306 503 1344 Cor
528 1306 761 1344 animalibus
785 1309 928 1343 ceteris
953 1307 1084 1344 medio
1108 1313 1269 1357 pectore
1295 1313 1369 1351 est,

199 1368 346 1405 homini
390 1374 549 1405 tantum
593 1368 694 1405 infra
738 1367 890 1405 laevam
933 1367 1120 1419 papillam
1164 1369 1368 1405 turbinato

200 1444 386 1467 mucrone
423 1433 462 1467 in
498 1433 628 1481 priora
664 1433 853 1467 eminens.
907 1431 1079 1480 piscibus
1115 1430 1204 1467 solis
1241 1430 1291 1467 ad
1327 1444 1368 1467 os

200 1498 366 1543 spectat.
422 1491 494 1529 hoc
520 1495 689 1543 primum
718 1493 972 1529 nascentibus
1002 1492 1157 1528 formari
1188 1494 1228 1528 in
1256 1498 1370 1529 utero

200 1553 377 1598 tradunt,
409 1554 552 1591 deinde
584 1554 803 1597 cerebrum,
835 1556 937 1590 sicut
968 1554 1192 1590 tardissime
1224 1553 1368 1597 oculos,

201 1615 270 1652 sed
298 1614 367 1652 hos
397 1618 566 1665 primurn
589 1618 724 1658 emori,
746 1628 811 1652 cor
832 1617 1052 1652 novissime.
1108 1614 1198 1652 huic
1220 1617 1367 1665 praeci—

200 1690 300 1726 puus
319 1676 434 1713 calor.
490 1676 659 1727 palpitat
679 1682 787 1713 certe
808 1682 849 1713 et
870 1679 979 1726 quasi
1000 1675 1170 1713 alterum
1189 1683 1369 1713 movetur

202 1739 305 1774 intra
319 1738 477 1781 animal,
491 1737 694 1788 praemolli
711 1738 901 1787 firmoque
916 1744 1099 1788 opertum
1113 1738 1368 1775 membranae

201 1799 412 1843 involucro,
442 1802 639 1836 munitum
669 1806 867 1836 costarum
898 1805 940 1835 et
969 1802 1139 1849 pectoris
1170 1812 1294 1841 muro,
1323 1804 1368 1836 ut

258 1883 270 1902 ¹
294 1884 410 1915 rimis?
429 1884 603 1924 Mayhoff:
629 1885 726 1915 rem's.
835 1884 846 1902 ²
870 1887 1098 1925 quacunque?
1130 1884 1315 1916 Hardouin.

597 1927 609 1945 ³
636 1926 808 1966 Mayhoff:
834 1926 981 1957 scobina.

449 2017 462 2031 ‘²
485 2014 531 2044 As
545 2025 566 2044 a
582 2018 708 2044 matter
723 2014 758 2044 of
772 2014 845 2044 fact
860 2014 887 2044 it
903 2014 963 2044 has
978 2024 998 2044 a
1014 2017 1148 2053 tonguc.

202 2080 269 2118 544
