1482 2312
154 261 192 293 91

155 1374 195 1403 93

418 151 584 189 PLINY
599 165 608 189 ε
659 152 922 189 NATURAL
959 152 1194 190 HISTORY

221 261 354 293 totum
372 255 488 292 nullis
501 255 517 278 1
535 268 678 292 nocere
695 256 838 305 quibus
853 269 932 292 non
952 258 1004 292 sit
1023 258 1195 306 sanguis.
1231 256 1392 306 quidam

221 324 263 354 et
286 318 336 354 ab
358 319 451 367 ipsis
472 316 601 354 fetum
624 317 803 354 devorari
827 316 1093 361 arbitrantur;
1130 331 1253 354 unum
1277 318 1393 355 modo

221 380 389 429 relinqui
405 379 718 416 sollertissimum
734 385 775 416 et
790 382 855 429 qui
871 392 913 416 se
928 382 1048 429 ipsius
1063 382 1200 416 matris
1215 379 1393 416 clunibus

221 441 448 491 inponendo
464 447 576 478 tutus
592 447 634 478 et
649 455 672 477 a
686 441 814 478 cauda
829 447 870 478 et
886 455 908 478 a
923 455 1055 478 morsu
1070 441 1154 478 loco
1170 441 1239 478 fiat
1253 455 1261 478 z
1290 440 1394 478 hunc

222 516 307 540 esse
335 502 577 553 reliquorum
604 503 788 546 ultorem,
816 505 883 552 qui
909 509 1111 552 postremo
1139 505 1361 553 genitorem
1379 502 1394 525 ²

221 578 392 614 superne
412 565 607 601 conficiat.
662 567 870 614 pariuntur
890 571 1027 601 autem
1046 565 1206 601 undeni.

273 627 421 662 XXXI.
453 625 790 663 Chamaeleonum
814 627 1016 663 stelliones
1038 625 1078 662 hi
1102 626 1395 676 quodammodo

221 695 406 724 naturam
436 687 602 732 habent,
631 701 717 725 rore
748 694 908 725 tantum
942 691 1121 725 viventes
1154 694 1395 738 praeterque

221 752 386 786 araneis.

273 811 445 848 XXXII.
475 811 618 848 Similis
642 811 786 848 cicadis
811 814 906 856 vita,
931 825 1098 861 quarum
1123 811 1201 848 duo
1225 824 1396 862 genera:

223 876 394 910 minores
442 887 544 923 quae
590 876 741 923 primae
788 876 1027 923 proveniunt
1073 879 1115 910 et
1161 875 1395 910 novissimae

223 941 541 985 pereunt—sunt
568 941 705 971 autem
731 941 892 978 mutae;
932 948 1102 985 sequens
1130 941 1191 972 est
1218 934 1396 971 volatura

223 997 390 1033 earum3
425 1010 527 1046 quae
561 1003 732 1033 canunt:
781 1002 971 1034 vocantur
1003 996 1170 1033 achetae
1205 1002 1260 1041 et,
1293 1010 1396 1046 quae

222 1061 393 1095 minores
434 1072 482 1095 ex
522 1058 580 1095 his
620 1065 726 1103 sunt,
766 1061 995 1108 tettigonia,
1034 1058 1105 1095 sed
1143 1058 1232 1095 illae
1271 1060 1396 1108 magis

223 1133 403 1156 canorae.
459 1133 588 1156 mares
611 1126 760 1156 canunt
783 1123 822 1156 in
846 1126 1016 1170 utroque
1038 1133 1201 1170 genere,
1223 1119 1396 1157 feminae

223 1182 352 1218 silent.
422 1188 564 1232 gentes
600 1188 814 1218 vescuntur
849 1181 907 1218 his
943 1182 993 1219 ad
1029 1184 1238 1226 orientem,
1274 1184 1395 1218 etiam

225 1242 358 1280 Parthi
399 1245 538 1294 opibus
573 1245 892 1288 abundantibus3
946 1250 1040 1281 ante
1079 1246 1228 1280 coitum
1268 1257 1396 1280 mares

223 1306 471 1356 praeferunt,
507 1320 529 1342 a
563 1309 670 1343 coitu
705 1306 886 1351 feminas,
922 1309 1002 1343 ovis
1038 1319 1174 1343 earum
1208 1308 1396 1356 corrupti,

224 1381 325 1417 quae
351 1374 443 1404 sunt
466 1368 647 1405 candida.
702 1371 828 1405 coitus
852 1371 1012 1418 supinis.
1067 1370 1260 1417 asperitas
1284 1381 1396 1418 prae-

224 1436 342 1466 acuta
363 1432 401 1465 in
423 1430 551 1473 dorso,
573 1444 651 1479 qua
673 1437 868 1466 excavant
890 1430 1046 1466 feturae
1066 1430 1195 1466 locum
1215 1432 1255 1466 in
1276 1435 1393 1466 terra.

225 1491 267 1527 fit
285 1494 411 1540 primo
429 1492 677 1535 vermiculus,
695 1491 839 1528 deinde
857 1505 905 1528 ex
924 1505 970 1528 eo
987 1505 1090 1541 quae
1106 1497 1270 1528 vocatur
1285 1493 1396 1528 tetti-

223 1559 419 1603 gometra‚
446 1556 555 1589 cuius
583 1556 728 1590 cortice
756 1559 873 1603 rupto
900 1556 1002 1590 circa
1029 1553 1197 1590 solstitia
1224 1553 1395 1597 evolant,

223 1621 344 1651 noctu
381 1628 551 1664 semper,
587 1618 714 1664 primo
752 1618 887 1665 nigrae
925 1621 1047 1665 atque
1083 1615 1218 1652 durae.
1275 1628 1396 1651 unum

223 1675 296 1712 hoc
312 1689 360 1713 ex
376 1679 420 1713 iis
437 1690 539 1726 quae
556 1679 692 1713 vivunt
709 1683 749 1713 et
764 1679 848 1713 sine
864 1690 930 1713 ore
947 1683 1007 1713 est
1021 1689 1030 1720 3
1058 1690 1128 1726 pro
1144 1690 1191 1713 eo
1207 1676 1396 1726 quiddam

224 1738 495 1775 aculeatorum
525 1738 667 1788 linguis
698 1739 838 1783 simile,
869 1745 911 1775 et
940 1738 1014 1775 hoc
1043 1741 1082 1774 in
1111 1744 1289 1788 pectore,
1318 1751 1397 1788 quo

223 1813 351 1836 rorem
401 1800 595 1837 lambunt.
651 1807 791 1849 pectus
840 1803 968 1850 ipsum
1019 1800 1261 1843 fistulosum;
1324 1799 1397 1836 hoc

376 1886 387 1904 ¹
410 1886 544 1917 Doleo:
570 1885 664 1916 nulli.
821 1885 832 1904 ²
855 1886 1042 1917 Raclsham:
1065 1886 1245 1926 genitores.

603 1929 615 1947 ³
638 1938 756 1959 earum
772 1929 846 1960 add.
864 1928 1027 1969 Mayhoff.

265 2019 279 2033 ‘²
304 2015 425 2045 Cicada
445 2015 522 2045 here
540 2015 659 2045 stands
677 2016 729 2046 for
747 2015 805 2046 the
821 2015 1062 2056 grass—hopper
1079 2015 1168 2046 tribe
1185 2015 1220 2046 in
1236 2014 1381 2055 general.

224 2069 291 2113 488
