<?xml version="1.0" encoding="UTF-8"?>
<!DOCTYPE html PUBLIC "-//W3C//DTD XHTML 1.0 Transitional//EN"
    "http://www.w3.org/TR/xhtml1/DTD/xhtml1-transitional.dtd">
<html xmlns="http://www.w3.org/1999/xhtml" xml:lang="en" lang="en">
 <head>
  <title>
</title>
<meta http-equiv="Content-Type" content="text/html;charset=utf-8" />
  <meta name='ocr-system' content='tesseract 3.04.00' />
  <meta name='ocr-capabilities' content='ocr_page ocr_carea ocr_par ocr_line ocrx_word'/>
</head>
<body>
  <div class='ocr_page' id='page_1' title='image "./naturalhistory03plinuoft/naturalhistory03plinuoft_0402.png"; bbox 0 0 1482 2312; ppageno 0'>
   <div class='ocr_carea' id='block_1_1' title="bbox 151 386 210 416">
    <p class='ocr_par' dir='ltr' id='par_1_1' title="bbox 151 386 210 416">
     <span class='ocr_line' id='line_1_1' title="bbox 151 386 210 416; baseline -0.034 -1"><span class='ocrx_word' id='word_1_1' title='bbox 151 386 210 416; x_wconf 63' lang='lat' dir='ltr'>14ss</span> 
     </span>
    </p>
   </div>
   <div class='ocr_carea' id='block_1_2' title="bbox 152 755 211 785">
    <p class='ocr_par' dir='ltr' id='par_1_2' title="bbox 152 755 211 785">
     <span class='ocr_line' id='line_1_2' title="bbox 152 755 211 785; baseline 0.017 -1"><span class='ocrx_word' id='word_1_2' title='bbox 152 755 211 785; x_wconf 68' lang='lat'>147</span> 
     </span>
    </p>
   </div>
   <div class='ocr_carea' id='block_1_3' title="bbox 156 1309 217 1339">
    <p class='ocr_par' dir='ltr' id='par_1_3' title="bbox 156 1309 217 1339">
     <span class='ocr_line' id='line_1_3' title="bbox 156 1309 217 1339; baseline 0.016 -1"><span class='ocrx_word' id='word_1_3' title='bbox 156 1309 217 1339; x_wconf 80' lang='lat'>148</span> 
     </span>
    </p>
   </div>
   <div class='ocr_carea' id='block_1_4' title="bbox 160 1738 219 1769">
    <p class='ocr_par' dir='ltr' id='par_1_4' title="bbox 160 1738 219 1769">
     <span class='ocr_line' id='line_1_4' title="bbox 160 1738 219 1769; baseline -0.017 -1"><span class='ocrx_word' id='word_1_4' title='bbox 160 1738 219 1769; x_wconf 73' lang='lat'>149</span> 
     </span>
    </p>
   </div>
   <div class='ocr_carea' id='block_1_5' title="bbox 431 152 1203 190">
    <p class='ocr_par' dir='ltr' id='par_1_5' title="bbox 431 152 1203 190">
     <span class='ocr_line' id='line_1_5' title="bbox 431 152 1203 190; baseline -0.001 0"><span class='ocrx_word' id='word_1_5' title='bbox 431 153 618 190; x_wconf 84' lang='lat' dir='ltr'>PLINY:</span> <span class='ocrx_word' id='word_1_6' title='bbox 671 153 933 190; x_wconf 86' lang='lat' dir='ltr'><strong>NATURAL</strong></span> <span class='ocrx_word' id='word_1_7' title='bbox 970 152 1203 190; x_wconf 84' lang='lat' dir='ltr'>HISTORY</span> 
     </span>
    </p>
   </div>
   <div class='ocr_carea' id='block_1_6' title="bbox 231 255 1411 1843">
    <p class='ocr_par' dir='ltr' id='par_1_6' title="bbox 231 255 1405 368">
     <span class='ocr_line' id='line_1_6' title="bbox 231 255 1405 306; baseline -0.002 -12"><span class='ocrx_word' id='word_1_8' title='bbox 231 262 310 301; x_wconf 82' lang='lat' dir='ltr'>tur,</span> <span class='ocrx_word' id='word_1_9' title='bbox 326 257 477 306; x_wconf 75' lang='lat' dir='ltr'>reliqua</span> <span class='ocrx_word' id='word_1_10' title='bbox 493 270 655 293; x_wconf 87' lang='lat' dir='ltr'>marem.</span> <span class='ocrx_word' id='word_1_11' title='bbox 711 255 918 293; x_wconf 84' lang='lat' dir='ltr'>umbilicus</span> <span class='ocrx_word' id='word_1_12' title='bbox 934 258 1014 292; x_wconf 79' lang='lat' dir='ltr'>ovis</span> <span class='ocrx_word' id='word_1_13' title='bbox 1031 269 1053 292; x_wconf 86' lang='lat' dir='ltr'>a</span> <span class='ocrx_word' id='word_1_14' title='bbox 1068 257 1271 293; x_wconf 84' lang='lat' dir='ltr'>cacumine</span> <span class='ocrx_word' id='word_1_15' title='bbox 1287 258 1405 299; x_wconf 89' lang='lat' dir='ltr'>inest,</span> 
     </span>
     <span class='ocr_line' id='line_1_7' title="bbox 231 319 955 368; baseline -0.003 -13"><span class='ocrx_word' id='word_1_16' title='bbox 231 331 304 355; x_wconf 91' lang='lat' dir='ltr'>ceu</span> <span class='ocrx_word' id='word_1_17' title='bbox 328 324 447 368; x_wconf 80' lang='lat' dir='ltr'>gutta</span> <span class='ocrx_word' id='word_1_18' title='bbox 471 320 649 354; x_wconf 89' lang='lat' dir='ltr'>eminens</span> <span class='ocrx_word' id='word_1_19' title='bbox 673 320 713 354; x_wconf 92' lang='lat' dir='ltr'>in</span> <span class='ocrx_word' id='word_1_20' title='bbox 737 319 955 367; x_wconf 76' lang='lat' dir='ltr'>putamine.</span> 
     </span>
    </p>

    <p class='ocr_par' dir='ltr' id='par_1_7' title="bbox 232 378 1411 1843">
     <span class='ocr_line' id='line_1_8' title="bbox 285 378 1405 429; baseline -0.002 -13"><span class='ocrx_word' id='word_1_21' title='bbox 285 379 494 425; x_wconf 80' lang='lat' dir='ltr'>Quaedam</span> <span class='ocrx_word' id='word_1_22' title='bbox 527 381 632 416; x_wconf 88' lang='lat' dir='ltr'>omni</span> <span class='ocrx_word' id='word_1_23' title='bbox 665 385 846 429; x_wconf 85' lang='lat' dir='ltr'>tempore</span> <span class='ocrx_word' id='word_1_24' title='bbox 879 384 1038 423; x_wconf 76' lang='lat' dir='ltr'>coeunt,</span> <span class='ocrx_word' id='word_1_25' title='bbox 1071 384 1116 415; x_wconf 75' lang='lat' dir='ltr'>ut</span> <span class='ocrx_word' id='word_1_26' title='bbox 1147 378 1331 429; x_wconf 82' lang='lat' dir='ltr'><strong>gallinae,</strong></span> <span class='ocrx_word' id='word_1_27' title='bbox 1364 383 1405 415; x_wconf 83' lang='lat' dir='ltr'>et</span> 
     </span>
     <span class='ocr_line' id='line_1_9' title="bbox 232 439 1405 491; baseline -0.001 -14"><span class='ocrx_word' id='word_1_28' title='bbox 232 444 390 491; x_wconf 84' lang='lat' dir='ltr'>pariunt</span> <span class='ocrx_word' id='word_1_29' title='bbox 408 446 688 491; x_wconf 78' lang='lat' dir='ltr'>praeterquam</span> <span class='ocrx_word' id='word_1_30' title='bbox 707 440 860 477; x_wconf 81' lang='lat' dir='ltr'>duobus</span> <span class='ocrx_word' id='word_1_31' title='bbox 877 441 1078 477; x_wconf 86' lang='lat' dir='ltr'>mensibus</span> <span class='ocrx_word' id='word_1_32' title='bbox 1094 439 1234 476; x_wconf 87' lang='lat' dir='ltr'>hiemis</span> <span class='ocrx_word' id='word_1_33' title='bbox 1249 440 1405 476; x_wconf 91' lang='lat' dir='ltr'>bruma-</span> 
     </span>
     <span class='ocr_line' id='line_1_10' title="bbox 233 501 1406 551; baseline 0 -13"><span class='ocrx_word' id='word_1_34' title='bbox 233 502 344 539; x_wconf 73' lang='lat' dir='ltr'>libus.</span> <span class='ocrx_word' id='word_1_35' title='bbox 402 516 450 539; x_wconf 75' lang='lat' dir='ltr'>ex</span> <span class='ocrx_word' id='word_1_36' title='bbox 492 501 551 539; x_wconf 88' lang='lat' dir='ltr'>his</span> <span class='ocrx_word' id='word_1_37' title='bbox 593 505 782 539; x_wconf 74' lang='lat' dir='ltr'>iuvencae</span> <span class='ocrx_word' id='word_1_38' title='bbox 825 502 937 551; x_wconf 86' lang='lat' dir='ltr'>plura</span> <span class='ocrx_word' id='word_1_39' title='bbox 978 515 1097 551; x_wconf 90' lang='lat' dir='ltr'>quam</span> <span class='ocrx_word' id='word_1_40' title='bbox 1139 507 1295 538; x_wconf 81' lang='lat' dir='ltr'>veteres</span> <span class='ocrx_word' id='word_1_41' title='bbox 1337 501 1406 538; x_wconf 88' lang='lat' dir='ltr'>sed</span> 
     </span>
     <span class='ocr_line' id='line_1_11' title="bbox 233 562 1407 613; baseline -0.001 -13"><span class='ocrx_word' id='word_1_42' title='bbox 233 567 397 608; x_wconf 81' lang='lat' dir='ltr'>minora,</span> <span class='ocrx_word' id='word_1_43' title='bbox 426 564 495 601; x_wconf 78' lang='lat' dir='ltr'>etl</span> <span class='ocrx_word' id='word_1_44' title='bbox 522 566 562 600; x_wconf 91' lang='lat' dir='ltr'>in</span> <span class='ocrx_word' id='word_1_45' title='bbox 586 563 728 600; x_wconf 88' lang='lat' dir='ltr'>eodem</span> <span class='ocrx_word' id='word_1_46' title='bbox 752 562 838 600; x_wconf 78' lang='lat' dir='ltr'>fetu</span> <span class='ocrx_word' id='word_1_47' title='bbox 859 566 985 613; x_wconf 87' lang='lat' dir='ltr'>prima</span> <span class='ocrx_word' id='word_1_48' title='bbox 1006 576 1049 600; x_wconf 93' lang='lat' dir='ltr'>ac</span> <span class='ocrx_word' id='word_1_49' title='bbox 1070 565 1290 600; x_wconf 81' lang='lat' dir='ltr'>novissima.</span> <span class='ocrx_word' id='word_1_50' title='bbox 1346 568 1407 599; x_wconf 75' lang='lat' dir='ltr'>est</span> 
     </span>
     <span class='ocr_line' id='line_1_12' title="bbox 235 624 1408 675; baseline -0.002 -13"><span class='ocrx_word' id='word_1_51' title='bbox 235 632 371 662; x_wconf 78' lang='lat' dir='ltr'>autem</span> <span class='ocrx_word' id='word_1_52' title='bbox 413 631 529 662; x_wconf 81' lang='lat' dir='ltr'>tanta</span> <span class='ocrx_word' id='word_1_53' title='bbox 571 624 794 662; x_wconf 72' lang='lat' dir='ltr'>fecunditas</span> <span class='ocrx_word' id='word_1_54' title='bbox 838 631 881 661; x_wconf 72' lang='lat' dir='ltr'>ut</span> <span class='ocrx_word' id='word_1_55' title='bbox 925 624 1080 674; x_wconf 76' lang='lat' dir='ltr'>aliquae</span> <span class='ocrx_word' id='word_1_56' title='bbox 1123 630 1165 661; x_wconf 78' lang='lat' dir='ltr'>et</span> <span class='ocrx_word' id='word_1_57' title='bbox 1207 637 1408 675; x_wconf 84' lang='lat' dir='ltr'>sexagena</span> 
     </span>
     <span class='ocr_line' id='line_1_13' title="bbox 233 685 1406 737; baseline -0.002 -14"><span class='ocrx_word' id='word_1_58' title='bbox 233 689 404 737; x_wconf 78' lang='lat' dir='ltr'>parient,</span> <span class='ocrx_word' id='word_1_59' title='bbox 433 686 588 736; x_wconf 82' lang='lat' dir='ltr'>aliquae</span> <span class='ocrx_word' id='word_1_60' title='bbox 617 686 777 730; x_wconf 76' lang='lat' dir='ltr'>cotidie,</span> <span class='ocrx_word' id='word_1_61' title='bbox 806 686 960 736; x_wconf 81' lang='lat' dir='ltr'>aliquae</span> <span class='ocrx_word' id='word_1_62' title='bbox 990 687 1048 722; x_wconf 83' lang='lat' dir='ltr'>bis</span> <span class='ocrx_word' id='word_1_63' title='bbox 1077 685 1155 730; x_wconf 88' lang='lat' dir='ltr'>die,</span> <span class='ocrx_word' id='word_1_64' title='bbox 1184 685 1339 735; x_wconf 87' lang='lat' dir='ltr'>aliquae</span> <span class='ocrx_word' id='word_1_65' title='bbox 1366 687 1406 721; x_wconf 89' lang='lat' dir='ltr'>in</span> 
     </span>
     <span class='ocr_line' id='line_1_14' title="bbox 236 747 1406 785; baseline -0.003 0"><span class='ocrx_word' id='word_1_66' title='bbox 236 754 395 785; x_wconf 84' lang='lat' dir='ltr'>tantum</span> <span class='ocrx_word' id='word_1_67' title='bbox 420 754 463 785; x_wconf 80' lang='lat' dir='ltr'>ut</span> <span class='ocrx_word' id='word_1_68' title='bbox 489 747 632 785; x_wconf 86' lang='lat' dir='ltr'>effetae</span> <span class='ocrx_word' id='word_1_69' title='bbox 658 750 886 784; x_wconf 83' lang='lat' dir='ltr'>moriantur.</span> <span class='ocrx_word' id='word_1_70' title='bbox 946 747 1155 784; x_wconf 85' lang='lat' dir='ltr'>Hadrianis</span> <span class='ocrx_word' id='word_1_71' title='bbox 1185 747 1269 784; x_wconf 89' lang='lat' dir='ltr'>laus</span> <span class='ocrx_word' id='word_1_72' title='bbox 1298 760 1406 783; x_wconf 78' lang='lat' dir='ltr'>max-</span> 
     </span>
     <span class='ocr_line' id='line_1_15' title="bbox 235 808 1406 859; baseline -0.001 -13"><span class='ocrx_word' id='word_1_73' title='bbox 235 812 324 846; x_wconf 89' lang='lat' dir='ltr'>ima.</span> <span class='ocrx_word' id='word_1_74' title='bbox 379 809 585 847; x_wconf 86' lang='lat' dir='ltr'>columbae</span> <span class='ocrx_word' id='word_1_75' title='bbox 616 809 774 846; x_wconf 88' lang='lat' dir='ltr'>deciens</span> <span class='ocrx_word' id='word_1_76' title='bbox 802 822 904 845; x_wconf 91' lang='lat' dir='ltr'>anno</span> <span class='ocrx_word' id='word_1_77' title='bbox 938 811 1110 859; x_wconf 84' lang='lat' dir='ltr'>pariunt,</span> <span class='ocrx_word' id='word_1_78' title='bbox 1140 808 1337 859; x_wconf 88' lang='lat' dir='ltr'>quaedam</span> <span class='ocrx_word' id='word_1_79' title='bbox 1367 814 1406 845; x_wconf 92' lang='lat' dir='ltr'>et</span> 
     </span>
     <span class='ocr_line' id='line_1_16' title="bbox 236 869 1405 921; baseline -0.002 -13"><span class='ocrx_word' id='word_1_80' title='bbox 236 871 464 915; x_wconf 88' lang='lat' dir='ltr'>undeciens,</span> <span class='ocrx_word' id='word_1_81' title='bbox 495 873 534 907; x_wconf 89' lang='lat' dir='ltr'>in</span> <span class='ocrx_word' id='word_1_82' title='bbox 565 872 754 921; x_wconf 82' lang='lat' dir='ltr'>Aegypto</span> <span class='ocrx_word' id='word_1_83' title='bbox 786 883 877 907; x_wconf 79' lang='lat' dir='ltr'>vero</span> <span class='ocrx_word' id='word_1_84' title='bbox 908 873 1030 907; x_wconf 84' lang='lat' dir='ltr'>etiam</span> <span class='ocrx_word' id='word_1_85' title='bbox 1060 869 1226 907; x_wconf 86' lang='lat' dir='ltr'>brumali</span> <span class='ocrx_word' id='word_1_86' title='bbox 1258 883 1405 907; x_wconf 91' lang='lat' dir='ltr'>mense.</span> 
     </span>
     <span class='ocr_line' id='line_1_17' title="bbox 235 931 1409 982; baseline -0.002 -13"><span class='ocrx_word' id='word_1_87' title='bbox 235 932 464 969; x_wconf 89' lang='lat' dir='ltr'>hirundines</span> <span class='ocrx_word' id='word_1_88' title='bbox 482 939 523 969; x_wconf 79' lang='lat' dir='ltr'>et</span> <span class='ocrx_word' id='word_1_89' title='bbox 539 932 714 969; x_wconf 84' lang='lat' dir='ltr'>merulae</span> <span class='ocrx_word' id='word_1_90' title='bbox 733 938 773 969; x_wconf 88' lang='lat' dir='ltr'>et</span> <span class='ocrx_word' id='word_1_91' title='bbox 790 931 964 982; x_wconf 90' lang='lat' dir='ltr'>palumbi</span> <span class='ocrx_word' id='word_1_92' title='bbox 983 938 1023 968; x_wconf 82' lang='lat' dir='ltr'>et</span> <span class='ocrx_word' id='word_1_93' title='bbox 1040 937 1215 968; x_wconf 83' lang='lat' dir='ltr'>turtures</span> <span class='ocrx_word' id='word_1_94' title='bbox 1230 932 1290 968; x_wconf 90' lang='lat' dir='ltr'>bis</span> <span class='ocrx_word' id='word_1_95' title='bbox 1307 944 1409 968; x_wconf 88' lang='lat' dir='ltr'>anno</span> 
     </span>
     <span class='ocr_line' id='line_1_18' title="bbox 235 992 1406 1044; baseline -0.001 -14"><span class='ocrx_word' id='word_1_96' title='bbox 235 997 409 1044; x_wconf 83' lang='lat' dir='ltr'>pariunt,</span> <span class='ocrx_word' id='word_1_97' title='bbox 445 1000 604 1031; x_wconf 86' lang='lat' dir='ltr'>ceterae</span> <span class='ocrx_word' id='word_1_98' title='bbox 641 1007 733 1031; x_wconf 83' lang='lat' dir='ltr'>aves</span> <span class='ocrx_word' id='word_1_99' title='bbox 770 992 852 1030; x_wconf 86' lang='lat' dir='ltr'>fere</span> <span class='ocrx_word' id='word_1_100' title='bbox 890 993 1023 1030; x_wconf 90' lang='lat' dir='ltr'>semel.</span> <span class='ocrx_word' id='word_1_101' title='bbox 1080 993 1185 1030; x_wconf 85' lang='lat' dir='ltr'>turdi</span> <span class='ocrx_word' id='word_1_102' title='bbox 1222 995 1261 1029; x_wconf 92' lang='lat' dir='ltr'>in</span> <span class='ocrx_word' id='word_1_103' title='bbox 1297 1006 1406 1030; x_wconf 90' lang='lat' dir='ltr'>cacu-</span> 
     </span>
     <span class='ocr_line' id='line_1_19' title="bbox 235 1055 1408 1106; baseline -0.001 -14"><span class='ocrx_word' id='word_1_104' title='bbox 235 1057 406 1093; x_wconf 90' lang='lat' dir='ltr'>minibus</span> <span class='ocrx_word' id='word_1_105' title='bbox 431 1057 615 1092; x_wconf 89' lang='lat' dir='ltr'>arborum</span> <span class='ocrx_word' id='word_1_106' title='bbox 641 1055 724 1092; x_wconf 86' lang='lat' dir='ltr'>luto</span> <span class='ocrx_word' id='word_1_107' title='bbox 749 1055 997 1092; x_wconf 82' lang='lat' dir='ltr'>nidificantes</span> <span class='ocrx_word' id='word_1_108' title='bbox 1021 1068 1150 1106; x_wconf 83' lang='lat' dir='ltr'>paene</span> <span class='ocrx_word' id='word_1_109' title='bbox 1175 1057 1408 1099; x_wconf 73' lang='lat' dir='ltr'>contextim,</span> 
     </span>
     <span class='ocr_line' id='line_1_20' title="bbox 238 1116 1408 1168; baseline -0.002 -14"><span class='ocrx_word' id='word_1_110' title='bbox 238 1120 277 1154; x_wconf 91' lang='lat' dir='ltr'>in</span> <span class='ocrx_word' id='word_1_111' title='bbox 314 1131 471 1154; x_wconf 86' lang='lat' dir='ltr'>secessu</span> <span class='ocrx_word' id='word_1_112' title='bbox 507 1123 714 1168; x_wconf 77' lang='lat' dir='ltr'>generant.</span> <span class='ocrx_word' id='word_1_113' title='bbox 784 1131 805 1154; x_wconf 84' lang='lat' dir='ltr'>a</span> <span class='ocrx_word' id='word_1_114' title='bbox 842 1119 948 1153; x_wconf 82' lang='lat' dir='ltr'>coitu</span> <span class='ocrx_word' id='word_1_115' title='bbox 985 1116 1123 1153; x_wconf 88' lang='lat' dir='ltr'>decem</span> <span class='ocrx_word' id='word_1_116' title='bbox 1161 1116 1300 1153; x_wconf 85' lang='lat' dir='ltr'>diebus</span> <span class='ocrx_word' id='word_1_117' title='bbox 1337 1129 1408 1152; x_wconf 88' lang='lat' dir='ltr'>ova</span> 
     </span>
     <span class='ocr_line' id='line_1_21' title="bbox 237 1177 1409 1228; baseline -0.002 -12"><span class='ocrx_word' id='word_1_118' title='bbox 237 1185 511 1216; x_wconf 79' lang='lat' dir='ltr'>maturescunt</span> <span class='ocrx_word' id='word_1_119' title='bbox 548 1181 587 1215; x_wconf 81' lang='lat' dir='ltr'>in</span> <span class='ocrx_word' id='word_1_120' title='bbox 627 1185 755 1223; x_wconf 72' lang='lat' dir='ltr'>utero,</span> <span class='ocrx_word' id='word_1_121' title='bbox 795 1181 947 1215; x_wconf 82' lang='lat' dir='ltr'>vexatis</span> <span class='ocrx_word' id='word_1_122' title='bbox 986 1184 1121 1215; x_wconf 82' lang='lat' dir='ltr'>autem</span> <span class='ocrx_word' id='word_1_123' title='bbox 1159 1177 1329 1228; x_wconf 84' lang='lat' dir='ltr'>gallinae</span> <span class='ocrx_word' id='word_1_124' title='bbox 1368 1183 1409 1214; x_wconf 82' lang='lat' dir='ltr'>et</span> 
     </span>
     <span class='ocr_line' id='line_1_22' title="bbox 237 1239 1407 1291; baseline -0.002 -13"><span class='ocrx_word' id='word_1_125' title='bbox 237 1241 443 1278; x_wconf 91' lang='lat' dir='ltr'>columbae</span> <span class='ocrx_word' id='word_1_126' title='bbox 472 1243 594 1291; x_wconf 82' lang='lat' dir='ltr'>pinna</span> <span class='ocrx_word' id='word_1_127' title='bbox 622 1240 756 1277; x_wconf 79' lang='lat' dir='ltr'>evulsa</span> <span class='ocrx_word' id='word_1_128' title='bbox 785 1240 909 1277; x_wconf 80' lang='lat' dir='ltr'>aliave</span> <span class='ocrx_word' id='word_1_129' title='bbox 938 1240 1051 1277; x_wconf 90' lang='lat' dir='ltr'>simili</span> <span class='ocrx_word' id='word_1_130' title='bbox 1080 1242 1221 1276; x_wconf 88' lang='lat' dir='ltr'>iniuria</span> <span class='ocrx_word' id='word_1_131' title='bbox 1247 1239 1407 1276; x_wconf 76' lang='lat' dir='ltr'>diutius.</span> 
     </span>
     <span class='ocr_line' id='line_1_23' title="bbox 240 1301 1408 1352; baseline -0.002 -13"><span class='ocrx_word' id='word_1_132' title='bbox 240 1303 421 1339; x_wconf 85' lang='lat' dir='ltr'>omnibus</span> <span class='ocrx_word' id='word_1_133' title='bbox 460 1305 540 1339; x_wconf 74' lang='lat' dir='ltr'>ow&#39;s</span> <span class='ocrx_word' id='word_1_134' title='bbox 575 1302 706 1339; x_wconf 90' lang='lat' dir='ltr'>medio</span> <span class='ocrx_word' id='word_1_135' title='bbox 741 1301 861 1339; x_wconf 68' lang='lat' dir='ltr'>xitelli</span> <span class='ocrx_word' id='word_1_136' title='bbox 897 1315 1017 1352; x_wconf 90' lang='lat' dir='ltr'>parva</span> <span class='ocrx_word' id='word_1_137' title='bbox 1049 1304 1154 1338; x_wconf 76' lang='lat' dir='ltr'>inest</span> <span class='ocrx_word' id='word_1_138' title='bbox 1187 1301 1295 1338; x_wconf 77' lang='lat' dir='ltr'>velut</span> <span class='ocrx_word' id='word_1_139' title='bbox 1323 1314 1408 1338; x_wconf 86' lang='lat' dir='ltr'>san-</span> 
     </span>
     <span class='ocr_line' id='line_1_24' title="bbox 238 1364 1410 1414; baseline -0.003 -13"><span class='ocrx_word' id='word_1_140' title='bbox 238 1366 384 1414; x_wconf 82' lang='lat' dir='ltr'>guinea</span> <span class='ocrx_word' id='word_1_141' title='bbox 426 1370 558 1414; x_wconf 81' lang='lat' dir='ltr'>gutta,</span> <span class='ocrx_word' id='word_1_142' title='bbox 603 1364 708 1413; x_wconf 92' lang='lat' dir='ltr'>quod</span> <span class='ocrx_word' id='word_1_143' title='bbox 753 1377 838 1400; x_wconf 91' lang='lat' dir='ltr'>esse</span> <span class='ocrx_word' id='word_1_144' title='bbox 882 1377 946 1400; x_wconf 89' lang='lat' dir='ltr'>cor</span> <span class='ocrx_word' id='word_1_145' title='bbox 991 1365 1120 1400; x_wconf 88' lang='lat' dir='ltr'>avium</span> <span class='ocrx_word' id='word_1_146' title='bbox 1165 1365 1410 1406; x_wconf 77' lang='lat' dir='ltr'>existimant,</span> 
     </span>
     <span class='ocr_line' id='line_1_25' title="bbox 238 1425 1409 1476; baseline -0.001 -15"><span class='ocrx_word' id='word_1_147' title='bbox 238 1429 408 1476; x_wconf 89' lang='lat' dir='ltr'>primum</span> <span class='ocrx_word' id='word_1_148' title='bbox 432 1428 471 1461; x_wconf 94' lang='lat' dir='ltr'>in</span> <span class='ocrx_word' id='word_1_149' title='bbox 495 1428 600 1462; x_wconf 91' lang='lat' dir='ltr'>omni</span> <span class='ocrx_word' id='word_1_150' title='bbox 624 1438 787 1475; x_wconf 86' lang='lat' dir='ltr'>corpore</span> <span class='ocrx_word' id='word_1_151' title='bbox 810 1425 850 1462; x_wconf 85' lang='lat' dir='ltr'>id</span> <span class='ocrx_word' id='word_1_152' title='bbox 873 1427 981 1475; x_wconf 77' lang='lat' dir='ltr'>gigni</span> <span class='ocrx_word' id='word_1_153' title='bbox 1007 1427 1236 1475; x_wconf 74' lang='lat' dir='ltr'>opinantes:</span> <span class='ocrx_word' id='word_1_154' title='bbox 1274 1426 1314 1460; x_wconf 91' lang='lat' dir='ltr'>in</span> <span class='ocrx_word' id='word_1_155' title='bbox 1337 1437 1409 1461; x_wconf 92' lang='lat' dir='ltr'>ovo</span> 
     </span>
     <span class='ocr_line' id='line_1_26' title="bbox 238 1485 1408 1537; baseline -0.001 -14"><span class='ocrx_word' id='word_1_156' title='bbox 238 1493 347 1524; x_wconf 81' lang='lat' dir='ltr'>certe</span> <span class='ocrx_word' id='word_1_157' title='bbox 375 1493 493 1537; x_wconf 79' lang='lat' dir='ltr'>gutta</span> <span class='ocrx_word' id='word_1_158' title='bbox 521 1500 568 1524; x_wconf 87' lang='lat' dir='ltr'>ea</span> <span class='ocrx_word' id='word_1_159' title='bbox 596 1486 685 1523; x_wconf 86' lang='lat' dir='ltr'>salit</span> <span class='ocrx_word' id='word_1_160' title='bbox 713 1486 975 1537; x_wconf 82' lang='lat' dir='ltr'>palpitatque.</span> <span class='ocrx_word' id='word_1_161' title='bbox 1032 1489 1159 1537; x_wconf 89' lang='lat' dir='ltr'>ipsum</span> <span class='ocrx_word' id='word_1_162' title='bbox 1188 1485 1332 1522; x_wconf 87' lang='lat' dir='ltr'>animal</span> <span class='ocrx_word' id='word_1_163' title='bbox 1360 1498 1408 1522; x_wconf 88' lang='lat' dir='ltr'>ex</span> 
     </span>
     <span class='ocr_line' id='line_1_27' title="bbox 239 1546 1408 1599; baseline -0.002 -14"><span class='ocrx_word' id='word_1_164' title='bbox 239 1548 328 1585; x_wconf 85' lang='lat' dir='ltr'>albo</span> <span class='ocrx_word' id='word_1_165' title='bbox 352 1548 502 1598; x_wconf 89' lang='lat' dir='ltr'>liquore</span> <span class='ocrx_word' id='word_1_166' title='bbox 527 1551 586 1585; x_wconf 92' lang='lat' dir='ltr'>ovi</span> <span class='ocrx_word' id='word_1_167' title='bbox 611 1554 862 1599; x_wconf 60' lang='lat' dir='ltr'>corporatum</span> <span class='ocrx_word' id='word_1_168' title='bbox 900 1548 1008 1584; x_wconf 91' lang='lat' dir='ltr'>cibus</span> <span class='ocrx_word' id='word_1_169' title='bbox 1034 1550 1116 1584; x_wconf 90' lang='lat' dir='ltr'>eius</span> <span class='ocrx_word' id='word_1_170' title='bbox 1139 1549 1179 1583; x_wconf 88' lang='lat' dir='ltr'>in</span> <span class='ocrx_word' id='word_1_171' title='bbox 1203 1546 1311 1584; x_wconf 75' lang='lat' dir='ltr'>luteo</span> <span class='ocrx_word' id='word_1_172' title='bbox 1336 1552 1408 1584; x_wconf 80' lang='lat' dir='ltr'>est.</span> 
     </span>
     <span class='ocr_line' id='line_1_28' title="bbox 240 1608 1408 1660; baseline -0.001 -14"><span class='ocrx_word' id='word_1_173' title='bbox 240 1611 421 1647; x_wconf 85' lang='lat' dir='ltr'>omnibus</span> <span class='ocrx_word' id='word_1_174' title='bbox 461 1610 604 1647; x_wconf 78' lang='lat' dir='ltr'>initio2</span> <span class='ocrx_word' id='word_1_175' title='bbox 644 1616 764 1660; x_wconf 80' lang='lat' dir='ltr'>capul:</span> <span class='ocrx_word' id='word_1_176' title='bbox 804 1612 929 1646; x_wconf 86' lang='lat' dir='ltr'>maius</span> <span class='ocrx_word' id='word_1_177' title='bbox 969 1615 1055 1646; x_wconf 79' lang='lat' dir='ltr'>toto</span> <span class='ocrx_word' id='word_1_178' title='bbox 1095 1622 1270 1659; x_wconf 81' lang='lat' dir='ltr'>corpore,</span> <span class='ocrx_word' id='word_1_179' title='bbox 1310 1608 1408 1645; x_wconf 89' lang='lat' dir='ltr'>oculi</span> 
     </span>
     <span class='ocr_line' id='line_1_29' title="bbox 240 1669 1411 1722; baseline -0.002 -14"><span class='ocrx_word' id='word_1_180' title='bbox 240 1674 451 1722; x_wconf 83' lang='lat' dir='ltr'>compressi</span> <span class='ocrx_word' id='word_1_181' title='bbox 476 1674 606 1721; x_wconf 83' lang='lat' dir='ltr'>capite</span> <span class='ocrx_word' id='word_1_182' title='bbox 631 1674 810 1708; x_wconf 84' lang='lat' dir='ltr'>maiores.</span> <span class='ocrx_word' id='word_1_183' title='bbox 866 1674 1110 1708; x_wconf 87' lang='lat' dir='ltr'>increscente</span> <span class='ocrx_word' id='word_1_184' title='bbox 1135 1670 1241 1720; x_wconf 92' lang='lat' dir='ltr'>pullo</span> <span class='ocrx_word' id='word_1_185' title='bbox 1265 1669 1411 1706; x_wconf 90' lang='lat' dir='ltr'>candor</span> 
     </span>
     <span class='ocr_line' id='line_1_30' title="bbox 243 1731 1410 1777; baseline -0.001 -9"><span class='ocrx_word' id='word_1_186' title='bbox 243 1735 281 1769; x_wconf 90' lang='lat' dir='ltr'>in</span> <span class='ocrx_word' id='word_1_187' title='bbox 308 1733 482 1770; x_wconf 82' lang='lat' dir='ltr'>medium</span> <span class='ocrx_word' id='word_1_188' title='bbox 508 1735 688 1777; x_wconf 79' lang='lat' dir='ltr'>vertitur,</span> <span class='ocrx_word' id='word_1_189' title='bbox 715 1732 866 1770; x_wconf 79' lang='lat' dir='ltr'>luteum</span> <span class='ocrx_word' id='word_1_190' title='bbox 891 1731 1228 1769; x_wconf 77' lang='lat' dir='ltr'>circumfunditur.</span> <span class='ocrx_word' id='word_1_191' title='bbox 1285 1734 1410 1768; x_wconf 90' lang='lat' dir='ltr'>vicen-</span> 
     </span>
     <span class='ocr_line' id='line_1_31' title="bbox 241 1795 1410 1843; baseline -0.001 -13"><span class='ocrx_word' id='word_1_192' title='bbox 241 1797 339 1831; x_wconf 89' lang='lat' dir='ltr'>simo</span> <span class='ocrx_word' id='word_1_193' title='bbox 361 1795 425 1832; x_wconf 93' lang='lat' dir='ltr'>die</span> <span class='ocrx_word' id='word_1_194' title='bbox 448 1797 477 1831; x_wconf 92' lang='lat' dir='ltr'>si</span> <span class='ocrx_word' id='word_1_195' title='bbox 501 1801 707 1831; x_wconf 79' lang='lat' dir='ltr'>moveatur</span> <span class='ocrx_word' id='word_1_196' title='bbox 729 1808 860 1838; x_wconf 80' lang='lat' dir='ltr'>ovum,</span> <span class='ocrx_word' id='word_1_197' title='bbox 881 1796 959 1830; x_wconf 91' lang='lat' dir='ltr'>iam</span> <span class='ocrx_word' id='word_1_198' title='bbox 982 1796 1149 1830; x_wconf 82' lang='lat' dir='ltr'>viventis</span> <span class='ocrx_word' id='word_1_199' title='bbox 1170 1796 1274 1830; x_wconf 80' lang='lat' dir='ltr'>intra</span> <span class='ocrx_word' id='word_1_200' title='bbox 1297 1799 1410 1843; x_wconf 75' lang='lat' dir='ltr'>put-a-</span> 
     </span>
    </p>
   </div>
   <div class='ocr_carea' id='block_1_7' title="bbox 470 1864 1187 1947">
    <p class='ocr_par' dir='ltr' id='par_1_8' title="bbox 470 1864 1187 1947">
     <span class='ocr_line' id='line_1_32' title="bbox 470 1864 1022 1906; baseline -0.002 -11"><span class='ocrx_word' id='word_1_201' title='bbox 470 1865 482 1883; x_wconf 77' lang='lat'>1</span> <span class='ocrx_word' id='word_1_202' title='bbox 506 1870 539 1895; x_wconf 77' lang='lat' dir='ltr'>et</span> <span class='ocrx_word' id='word_1_203' title='bbox 556 1864 744 1906; x_wconf 82' lang='lat' dir='ltr'>&lt;minima&gt;</span> <span class='ocrx_word' id='word_1_204' title='bbox 757 1865 815 1896; x_wconf 77' lang='lat' dir='ltr'>in?</span> <span class='ocrx_word' id='word_1_205' title='bbox 845 1864 1022 1895; x_wconf 75' lang='lat' dir='ltr'>Raclcham.</span> 
     </span>
     <span class='ocr_line' id='line_1_33' title="bbox 471 1906 1187 1947; baseline -0.001 -9"><span class='ocrx_word' id='word_1_206' title='bbox 471 1908 483 1926; x_wconf 81' lang='lat'><strong>²</strong></span> <span class='ocrx_word' id='word_1_207' title='bbox 505 1907 628 1938; x_wconf 69' lang='lat' dir='ltr'>initio?</span> <span class='ocrx_word' id='word_1_208' title='bbox 645 1917 683 1938; x_wconf 73' lang='lat' dir='ltr'>ex</span> <span class='ocrx_word' id='word_1_209' title='bbox 698 1907 869 1938; x_wconf 73' lang='lat' dir='ltr'>Aristotele</span> <span class='ocrx_word' id='word_1_210' title='bbox 886 1906 1041 1947; x_wconf 77' lang='lat' dir='ltr'>Mayhoff</span> <span class='ocrx_word' id='word_1_211' title='bbox 1053 1919 1059 1937; x_wconf 92' lang='lat'><strong>:</strong></span> <span class='ocrx_word' id='word_1_212' title='bbox 1084 1906 1187 1937; x_wconf 73' lang='lat' dir='ltr'>intus.</span> 
     </span>
    </p>
   </div>
   <div class='ocr_carea' id='block_1_8' title="bbox 242 1965 356 1970">
    <p class='ocr_par' dir='ltr' id='par_1_9' title="bbox 242 1965 356 1970">
     <span class='ocr_line' id='line_1_34' title="bbox 242 1965 356 1970; baseline 0 0"><span class='ocrx_word' id='word_1_213' title='bbox 242 1965 356 1970; x_wconf 95' lang='lat' dir='ltr'> </span> 
     </span>
    </p>
   </div>
   <div class='ocr_carea' id='block_1_9' title="bbox 365 1964 547 1969">
    <p class='ocr_par' dir='ltr' id='par_1_10' title="bbox 365 1964 547 1969">
     <span class='ocr_line' id='line_1_35' title="bbox 365 1964 547 1969; baseline 0 0"><span class='ocrx_word' id='word_1_214' title='bbox 365 1964 547 1969; x_wconf 95' lang='lat' dir='ltr'> </span> 
     </span>
    </p>
   </div>
   <div class='ocr_carea' id='block_1_10' title="bbox 240 1992 1413 2068">
    <p class='ocr_par' dir='ltr' id='par_1_11' title="bbox 240 1992 1413 2068">
     <span class='ocr_line' id='line_1_36' title="bbox 285 1992 1413 2031; baseline -0.002 -6"><span class='ocrx_word' id='word_1_215' title='bbox 285 1998 299 2013; x_wconf 77' lang='lat'>⁶</span> <span class='ocrx_word' id='word_1_216' title='bbox 321 1994 412 2025; x_wconf 75' lang='lat' dir='ltr'>Neai·</span> <span class='ocrx_word' id='word_1_217' title='bbox 427 1994 561 2031; x_wconf 87' lang='lat' dir='ltr'>Venice,</span> <span class='ocrx_word' id='word_1_218' title='bbox 581 2004 623 2024; x_wconf 91' lang='lat' dir='ltr'>on</span> <span class='ocrx_word' id='word_1_219' title='bbox 642 1994 699 2024; x_wconf 86' lang='lat' dir='ltr'>the</span> <span class='ocrx_word' id='word_1_220' title='bbox 716 1998 810 2025; x_wconf 76' lang='lat' dir='ltr'>coast,</span> <span class='ocrx_word' id='word_1_221' title='bbox 827 1994 862 2024; x_wconf 81' lang='lat' dir='ltr'>of</span> <span class='ocrx_word' id='word_1_222' title='bbox 878 1993 936 2024; x_wconf 79' lang='lat' dir='ltr'>‘che</span> <span class='ocrx_word' id='word_1_223' title='bbox 953 2003 1009 2024; x_wconf 82' lang='lat' dir='ltr'>sea</span> <span class='ocrx_word' id='word_1_224' title='bbox 1024 1992 1148 2023; x_wconf 84' lang='lat' dir='ltr'>named</span> <span class='ocrx_word' id='word_1_225' title='bbox 1163 1992 1251 2024; x_wconf 69' lang='lat' dir='ltr'>after</span> <span class='ocrx_word' id='word_1_226' title='bbox 1267 1992 1304 2023; x_wconf 75' lang='lat' dir='ltr'>it.</span> <span class='ocrx_word' id='word_1_227' title='bbox 1351 1992 1413 2023; x_wconf 89' lang='lat' dir='ltr'>We</span> 
     </span>
     <span class='ocr_line' id='line_1_37' title="bbox 240 2036 1094 2068; baseline -0.002 0"><span class='ocrx_word' id='word_1_228' title='bbox 240 2037 330 2068; x_wconf 85' lang='lat' dir='ltr'>learn</span> <span class='ocrx_word' id='word_1_229' title='bbox 350 2037 526 2068; x_wconf 76' lang='lat' dir='ltr'>elsewhere</span> <span class='ocrx_word' id='word_1_230' title='bbox 544 2037 622 2068; x_wconf 77' lang='lat' dir='ltr'>that</span> <span class='ocrx_word' id='word_1_231' title='bbox 639 2036 697 2067; x_wconf 83' lang='lat' dir='ltr'>the</span> <span class='ocrx_word' id='word_1_232' title='bbox 714 2036 805 2067; x_wconf 82' lang='lat' dir='ltr'>birds</span> <span class='ocrx_word' id='word_1_233' title='bbox 823 2046 908 2067; x_wconf 80' lang='lat' dir='ltr'>were</span> <span class='ocrx_word' id='word_1_234' title='bbox 926 2036 1094 2067; x_wconf 75' lang='lat' dir='ltr'>bantams.</span> 
     </span>
    </p>
   </div>
   <div class='ocr_carea' id='block_1_11' title="bbox 242 2082 310 2129">
    <p class='ocr_par' dir='ltr' id='par_1_12' title="bbox 242 2082 310 2129">
     <span class='ocr_line' id='line_1_38' title="bbox 242 2082 310 2129; baseline -0.015 -11"><span class='ocrx_word' id='word_1_235' title='bbox 242 2082 310 2129; x_wconf 85' lang='lat'>386</span> 
     </span>
    </p>
   </div>
  </div>
 </body>
</html>
