1482 2312
176 621 216 651 62

173 1130 213 1159 63

172 1926 211 1955 64

444 151 608 188 PLINY
623 165 631 188 z
683 151 944 189 NATURAL
981 151 1216 189 HISTORY

243 258 397 291 noxiae.
451 256 675 305 inpugnant
701 267 768 291 eas
792 260 961 291 naturae
988 255 1165 291 eiusdem
1194 254 1412 305 degeneres

244 340 387 376 vespae
409 333 532 376 atque
553 327 778 371 crabrones,
799 329 922 363 etiam
945 339 966 363 e
988 326 1156 363 culicum
1178 340 1325 376 genere
1347 329 1412 376 qui

242 404 433 436 vocantur
446 399 652 443 muliones,
665 398 907 448 populantur
920 398 1147 436 hirundines
1162 404 1203 435 et
1216 398 1412 448 quaedam

241 471 343 508 aliae
389 483 504 514 aves3
563 471 800 508 insidiantur
845 471 1084 520 aquantibus
1131 484 1264 514 ranae,
1311 484 1412 521 quae

241 546 415 579 maxima
463 557 599 580 earum
645 549 705 580 est
749 546 928 593 operatio
971 549 1058 579 tum
1102 557 1192 580 cum
1235 543 1411 580 subolem

240 615 405 652 faciunt.
462 629 535 652 nec
580 629 652 652 eae
695 622 855 652 tantum
900 628 1002 665 quae
1046 621 1189 666 stagna
1232 618 1412 666 rivosque

240 688 438 732 obsident,
456 701 592 724 verum
610 694 652 724 et
672 689 838 725 rubetae
857 691 1020 724 veniunt
1038 688 1141 724 ultro
1158 688 1412 737 adrepentes-

241 774 318 810 que
343 760 490 797 foribus
519 774 590 810 per
614 773 680 797 eas
703 760 884 803 sufflant3
922 760 972 797 ad
995 759 1068 797 hoc
1092 763 1212 797 statio
1235 760 1412 810 provolat

239 833 530 883 confestimque
572 833 788 882 abripitur3
840 846 913 870 nec
952 835 1100 870 sentire
1139 835 1239 870 ictus
1279 836 1411 883 apium

240 919 360 942 ranae
379 905 604 942 traduntur.
659 908 840 942 inimicae
861 911 903 942 et
923 918 1014 942 oves
1035 905 1188 942 difficile
1209 919 1251 942 se
1274 919 1295 942 e
1312 905 1412 943 lanis

240 991 376 1015 earum
418 978 721 1027 explicantibus.
773 991 1004 1014 cancrorum
1045 981 1165 1015 etiam
1208 978 1342 1022 odore,
1381 981 1409 1015 si

240 1054 326 1101 quis
345 1053 457 1087 iuxta
474 1056 636 1101 coquat,
654 1053 945 1087 exanimantur.

290 1123 377 1160 XX.
407 1123 511 1169 Quin
557 1129 599 1160 et
644 1123 800 1159 morbos
845 1129 987 1173 suapte
1033 1128 1176 1159 natura
1220 1126 1410 1160 sentiunt.

239 1196 359 1233 index
386 1209 523 1232 eorum
547 1199 712 1232 tristitia
737 1201 913 1245 torpens,
940 1201 982 1232 et
1007 1209 1097 1232 cum
1123 1202 1217 1232 ante
1243 1195 1347 1233 fores
1371 1199 1410 1232 in

238 1274 419 1317 teporem
435 1268 525 1305 solis
541 1271 730 1318 promotis
746 1268 847 1305 aliae
862 1268 969 1305 cibos
985 1271 1210 1305 ministrant
1232 1274 1273 1305 et
1287 1268 1301 1292 1
1321 1282 1409 1305 cum

238 1341 448 1377 defunctas
472 1347 689 1390 progerunt
715 1340 1065 1390 funerantiumque
1090 1354 1198 1377 more
1221 1344 1410 1377 comitan-

238 1419 305 1450 tur
353 1416 553 1463 exequias.
616 1426 708 1463 rege
748 1426 795 1449 ea
834 1419 946 1462 peste
984 1419 1219 1462 consumpto
1257 1420 1410 1450 maeret

237 1485 374 1535 plebes
415 1488 558 1535 ignavo
599 1485 748 1528 dolore,
791 1499 867 1521 non
908 1486 1015 1522 cibos
1055 1484 1292 1529 convellens,
1332 1499 1408 1522 non

237 1557 477 1607 procedens;
512 1560 615 1594 tristi
638 1564 798 1594 tantum
821 1571 1021 1594 murmure
1043 1557 1289 1608 glomeratur
1309 1561 1409 1595 circa

238 1643 378 1679 corpus
410 1633 504 1667 eius.
572 1630 820 1667 subtrahitur
849 1633 985 1680 itaque
1016 1630 1202 1667 diductae
1232 1631 1409 1667 multitu-

237 1702 317 1739 dini
331 1714 340 1745 ;
367 1702 463 1738 alias
477 1709 706 1752 spectantes
721 1706 946 1739 exanimem
959 1702 1109 1739 luctum
1122 1716 1201 1739 non
1213 1706 1408 1741 minuunt.

235 1781 330 1811 tunc
381 1788 553 1825 quoque,
604 1778 641 1812 ni
693 1775 964 1819 subveniatur,
1014 1774 1120 1812 fame
1176 1778 1407 1813 moriuntur.

236 1846 437 1884 hilaritate
457 1850 579 1897 igitur
598 1853 640 1884 et
660 1850 788 1884 nitore
807 1850 956 1884 sanitas
977 1850 1222 1884 aestimatur.

287 1918 387 1956 Sunt
422 1925 463 1956 et
501 1922 629 1969 operis
668 1920 815 1956 morbi:
861 1933 951 1956 cum
984 1919 1094 1957 favos
1122 1933 1200 1956 non
1230 1920 1407 1970 explent,

651 2016 662 2035 ¹
685 2019 720 2047 et,
735 2016 810 2047 add.
827 2016 1005 2048 Rackham.

234 2088 305 2123 470
