1482 2312
139 747 199 778 104

138 1473 198 1503 105

136 1858 198 1889 106

421 156 609 194 PLINY:
662 157 923 194 NATURAL
960 156 1196 195 HISTORY

223 262 263 295 in
293 262 419 296 maria
450 265 520 296 aut
551 265 695 310 stagna
726 260 928 296 decidunt.
983 259 1086 296 forte
1118 259 1192 296 hoc
1221 273 1393 310 casuque

225 342 372 384 evenit,
421 353 513 384 non,
562 346 606 376 ut
653 342 770 390 prisci
819 342 1112 384 existimavere,
1160 340 1394 377 madefactis

224 426 417 456 nocturno
447 433 584 457 umore
615 420 696 456 alis.
751 420 857 456 idem
888 423 1035 470 quippe
1065 433 1138 457 nec
1168 420 1298 457 volare
1329 435 1394 458 eas

223 501 405 537 noctibus
438 507 602 550 propter
635 499 781 550 frigora
814 500 1080 544 tradiderunt,
1114 503 1239 551 ignari
1273 504 1393 538 etiam

226 580 440 630 longinqua
466 583 590 617 maria
619 582 668 616 ab
695 583 740 617 iis
767 583 939 624 transiri,
966 583 1198 617 continuata
1224 581 1393 631 plurium

226 661 540 711 dierum—quod
595 663 767 697 maxime
821 660 1167 698 miremur—fame
1223 675 1394 712 quoque,

225 755 344 791 quam
362 747 529 791 propter
547 748 714 777 externa
727 742 874 791 pabula
887 747 1027 791 petere
1043 744 1184 778 sciunt.
1232 743 1393 779 deorum

223 824 303 859 irae
338 825 461 872 pestis
496 835 543 858 ea
576 821 845 872 intellegitur3
890 835 1061 871 namque
1097 828 1137 858 et
1166 823 1394 872 grandiores

223 909 439 939 cernuntur
458 909 499 939 et
517 908 632 939 tanto
651 902 785 938 volant
803 904 1013 952 pinnarum
1032 902 1199 939 stridore
1219 909 1264 939 ut
1282 903 1395 940 alites

222 983 450 1027 credantur,
469 983 672 1032 solemque
696 983 950 1026 obumbrant,
972 982 1146 1019 sollicitis
1167 989 1395 1033 suspectan-

222 1064 328 1100 tibus
368 1063 523 1114 populis
564 1077 613 1100 ne
655 1077 743 1099 suas
785 1066 966 1113 operiant
1005 1069 1143 1100 terras.
1199 1064 1395 1100 sufficiunt

223 1147 370 1194 quippe
392 1147 492 1180 vires
514 1150 569 1188 et,
590 1150 797 1193 tamquam
817 1157 957 1194 parum
978 1146 1030 1180 sit
1050 1147 1173 1180 maria
1194 1146 1395 1188 transisse,

223 1227 421 1261 inmensos
450 1230 602 1261 tractus
631 1231 841 1274 permeant
872 1224 1036 1274 diraque
1067 1225 1260 1261 messibus
1290 1225 1395 1262 nube

222 1311 457 1356 contegunt,
492 1305 617 1341 multa
652 1310 840 1341 contactu
875 1305 1103 1348 adurentes,
1138 1308 1269 1341 omnia
1304 1319 1395 1343 vero

223 1399 354 1422 morsu
373 1385 585 1422 erodentes
605 1391 645 1422 et
664 1385 767 1422 fores
787 1398 945 1435 quoque
964 1391 1174 1421 tectorum.

275 1466 433 1502 Italiam
455 1479 504 1502 ex
526 1465 661 1502 Africa
682 1468 855 1502 maxime
876 1472 1035 1502 coortae
1052 1465 1259 1510 infestant,
1275 1479 1394 1516 saepe

222 1547 367 1597 populo
381 1547 558 1583 Romana
574 1547 624 1582 ad
635 1546 825 1596 Sibyllina
840 1553 977 1582 coacto
990 1547 1167 1583 remedia
1179 1546 1394 1596 confugere

221 1619 378 1666 inopiae
408 1622 531 1653 metu.
590 1620 626 1653 in
657 1615 874 1666 Cyrenaica
902 1618 1062 1666 regione
1092 1615 1155 1652 lex
1185 1618 1306 1652 etiam
1334 1622 1394 1652 est

222 1702 284 1732 ter
309 1708 412 1731 anno
433 1694 660 1731 debellandi
687 1708 768 1738 eas,
792 1697 918 1744 primo
945 1707 1015 1731 ova
1043 1694 1277 1738 obterendo,
1302 1694 1393 1731 dein

222 1773 364 1817 fetum,
396 1778 597 1823 postremo
629 1773 799 1816 adultas,
830 1772 1042 1809 desertoris
1073 1785 1202 1822 poena
1231 1774 1271 1808 in
1303 1786 1393 1809 eum

222 1855 288 1902 qui
317 1854 542 1888 cessaverit.
598 1857 640 1888 et
667 1853 707 1886 in
737 1850 889 1887 Lemno
918 1850 1044 1887 insula
1071 1856 1182 1887 certa
1209 1863 1394 1887 mensura

221 1930 431 1980 praefinita
463 1935 524 1966 est
555 1942 673 1979 quam
706 1928 848 1978 singuli
882 1934 1138 1965 enecatarum
1169 1927 1220 1964 ad
1249 1930 1393 1978 magis—

221 2013 349 2044 tratus
377 2006 565 2044 referant.
621 2006 800 2057 graculos
829 2019 988 2056 quoque
1017 2007 1066 2042 ob
1095 2005 1135 2042 id
1163 2005 1297 2042 colunt
1326 2005 1392 2042 ad-

219 2080 289 2126 496
