1482 2312
449 118 478 155 P
483 118 613 155 LINY
627 132 636 155 ε
686 118 947 155 NATURAL
981 118 1214 156 HISTORY

253 221 413 259 Graecis
427 221 546 265 dicta,
561 221 703 258 eadem
716 219 939 271 leporaria,1
954 224 1116 259 minima
1129 221 1419 272 magnitudine,

253 275 397 312 viribus
426 277 651 324 praecipua,
678 274 806 311 colore
829 277 1035 323 nigricans.
1089 275 1172 312 sola
1199 276 1420 326 aquilarum

250 328 357 365 fetus
374 341 463 365 suos
480 328 565 371 alit,
581 334 754 371 ceterae,
773 333 817 364 ut
836 327 1024 372 dicemus,
1041 328 1183 378 fugant
1197 341 1206 371 ;
1236 329 1320 366 sola
1335 331 1419 366 sine

251 382 451 431 clangore,
471 384 554 418 sine
575 383 898 420 murmuratione.
949 387 1204 418 conversatur
1223 388 1360 419 autem
1380 384 1420 418 in

252 435 464 471 montibus.
530 434 690 471 secundi
711 437 867 484 generis
880 447 1082 484 pygargus
1098 437 1137 470 in
1153 435 1306 484 oppidis
1323 441 1365 472 et
1380 437 1420 472 in

252 491 414 536 campis,
455 487 652 524 albicante
695 486 833 524 cauda.
888 490 996 524 tertii
1038 487 1263 537 morphnos,
1301 502 1421 538 quam

254 540 449 577 Homerus
482 546 523 577 et
554 554 743 589 percnum
775 546 902 584 vocat,
933 541 1053 590 aliqui
1086 547 1127 578 et
1157 541 1348 592 plangum
1380 547 1421 578 et

252 596 487 636 anatariam,
520 593 694 630 secunda
727 593 1001 643 magnitudine
1036 599 1077 631 et
1111 596 1170 637 vi;
1216 593 1306 631 huic
1340 597 1421 631 vita

251 650 353 684 circa
385 646 502 683 lacus.
560 646 786 683 Phemonoe
816 647 1009 695 Apollinis
1037 647 1144 684 dicta
1173 647 1252 684 filia
1279 647 1421 685 dentes

254 713 338 737 esse
383 703 416 736 ei
463 699 634 749 prodidit
678 706 813 736 mutae
858 700 954 736 alias
996 703 1228 750 carentique
1272 700 1421 751 lingua,

253 753 422 790 eandem
442 753 661 802 aquilarum
680 756 947 802 nigerrimam,
960 756 1268 802 prominentiore
1281 754 1420 791 cauda.

254 809 451 843 consentit
472 812 513 843 et
534 805 740 843 Boethus.2
798 808 999 856 ingenium
1028 813 1089 843 est
1118 807 1180 844 ei³
1199 807 1423 844 testudines

252 866 386 909 raptas
400 859 583 909 frangere
598 873 619 896 e
633 859 788 895 sublimi
805 859 998 903 iaciendo,
1010 873 1112 909 quae
1126 859 1204 896 fors
1218 863 1422 898 interemit

253 920 413 962 poetam
434 911 675 962 Aeschylum
696 912 941 961 praedictam
961 912 1067 956 fatis,
1088 919 1131 949 ut
1152 913 1301 957 ferunt,
1323 917 1422 951 eius-

253 966 357 1002 modi
373 965 388 988 4
402 968 553 1002 ruinam
567 979 704 1002 secura
716 965 814 1002 caeli
829 965 905 1002 fide
917 972 1139 1003 caventem.
1180 969 1277 1003 item
1291 969 1421 1016 quarti

254 1022 410 1069 generis
449 1025 508 1055 est
546 1025 844 1068 percnopterus‚
875 1018 1016 1055 eadem
1053 1019 1310 1070 oripelargus,
1343 1020 1422 1057 vul-

255 1076 385 1109 turina
433 1075 563 1121 specie
611 1072 681 1108 alis
728 1074 910 1115 minimis,
949 1072 1099 1122 reliqua
1148 1073 1422 1123 magnitudine

256 1125 512 1163 antecellens.
528 1125 599 1162 sed
615 1125 769 1162 inbellis
785 1131 825 1162 et
842 1125 1032 1175 degener,
1045 1132 1089 1162 ut
1104 1139 1224 1175 quam
1237 1127 1423 1164 verberet

251 1192 400 1216 corvus.
450 1179 591 1215 eadem
610 1181 766 1215 ieiunae
786 1191 944 1227 semper
955 1178 1155 1216 aviditatis
1176 1185 1216 1216 et
1233 1179 1423 1229 querulae

253 1235 585 1268 murmurationis.
616 1232 698 1268 sola
727 1232 948 1281 aquilarum
977 1231 1237 1269 exanimata⁵
1265 1232 1423 1270 aufert⁶

252 1299 428 1334 corpora,
447 1292 606 1322 ceterae
626 1298 715 1321 cum
736 1285 914 1322 occidere
934 1285 1156 1322 considunt.
1210 1285 1308 1323 haec
1327 1286 1423 1323 facit

253 1345 297 1375 ut
353 1341 535 1388 quintum
575 1351 701 1388 genus
740 1340 894 1388 γνήσιον
935 1345 1097 1375 vocetur
1137 1339 1246 1376 velut
1287 1352 1423 1376 verum

253 1392 458 1441 solumque
491 1395 742 1441 incorruptae
774 1394 949 1441 originis,
974 1391 1107 1429 media
1134 1392 1422 1442 magnitudine,

251 1445 380 1482 colore
454 1445 660 1489 subrutilo,
734 1458 866 1481 rarum
933 1451 1159 1494 conspectu.
1242 1452 1422 1495 superest

430 1517 440 1535 ¹
465 1517 605 1548 Mueller
621 1516 674 1556 (cf.
692 1516 880 1557 λαγωφόνος
896 1517 971 1555 Ar.)
986 1528 992 1547 z
1019 1517 1052 1547 in
1071 1516 1213 1548 Valeria.

425 1559 438 1621 ξ
461 1560 697 1633 E?d.t(Boeus.
716 1560 816 1590 huius
833 1559 1009 1599 Detlefsen)
1025 1571 1032 1590 z
1059 1559 1257 1591 Boethuius.

462 1614 488 1633 U.
507 1627 514 1633 .
530 1613 547 1632 Θ
568 1627 575 1633 .

426 1645 438 1664 ⁴
460 1645 627 1676 Raclsham
641 1644 726 1682 (eius
742 1644 808 1675 diei
825 1644 928 1683 edd.);
951 1644 1038 1675 eidei
1054 1649 1110 1676 αιιί
1126 1644 1205 1676 diei.

429 1687 441 1706 ⁵
464 1688 664 1726 Dalecamp:
689 1688 858 1718 exanima.

428 1730 440 1748 ⁰
464 1730 651 1761 Raclcham:
676 1730 753 1761 fert.

293 1821 307 1835 ⁴³
331 1816 490 1847 Aristotle
508 1816 586 1847 calls
603 1817 630 1846 it
647 1816 705 1846 the
722 1815 935 1856 hare-killing
952 1815 1052 1856 eagle.

295 1860 307 1879 ὸ
330 1859 498 1900 Probably
516 1859 573 1890 the
589 1858 854 1889 marsh-harrier.

299 1907 309 1921 ἲ
332 1903 492 1933 Priestess
509 1906 545 1932 at
563 1901 695 1942 Delphi.

294 1944 308 1963 ‘¹
331 1945 390 1976 Le.
405 1945 449 1985 by
462 1945 604 1985 keeping
616 1945 648 1974 in
660 1944 718 1974 the
729 1953 816 1984 open
828 1943 895 1974 and
906 1944 1066 1986 avoiding
1077 1948 1164 1976 trees
1175 1944 1242 1976 and
1254 1944 1422 1986 buildings

251 1989 336 2019 from
353 1988 461 2018 which
479 1987 608 2028 objects
627 1987 735 2028 might
752 1986 810 2018 fall
827 1997 871 2018 on
888 1986 968 2018 him.

251 2042 320 2089 296
