1482 2368
139 543 180 573 23

403 137 568 175 PLINY
583 152 591 175 :
642 137 904 175 NATURAL
938 135 1173 174 HISTORY

205 240 494 290 pugnatoribus
520 240 661 277 eodem
686 253 763 290 quo
787 242 916 289 priore
940 252 1105 276 numero
1127 239 1311 289 peditum
1335 244 1376 275 et

205 318 288 364 pari
328 318 509 365 equitum
543 328 592 352 ex
620 315 784 352 adverso
812 314 1041 358 dimicante,
1068 320 1209 363 postea
1234 312 1376 364 singuli

200 390 445 439 principibus
485 389 651 426 Claudio
691 395 733 426 et
773 388 919 426 Neroni
959 391 999 424 in
1037 391 1377 426 consummatione

205 463 487 513 gladiatorum.

252 538 379 587 Ipsius
413 538 594 575 animalis
628 544 743 575 tanta
777 543 962 574 narratur
994 538 1209 574 clementia
1240 542 1379 574 contra

206 614 334 649 minus
352 612 500 649 validos
519 618 563 649 ut
580 615 620 648 in
637 625 760 662 grege
778 612 976 662 pecudum
994 614 1241 648 occurrentia
1258 624 1378 648 manu

207 686 422 730 dimoveat,
461 700 512 723 ne
552 687 659 736 quod
709 687 869 723 obterat
910 686 1136 736 inprudens.
1193 699 1265 723 nec
1304 688 1377 722 nisi

210 758 380 795 lacessiti
402 765 560 803 nocent,
581 759 701 808 idque
727 772 817 795 cum
843 761 1041 809 gregatim
1068 771 1225 808 semper
1244 758 1381 794 ambu-

209 832 306 877 lent,
327 836 489 870 minime
511 847 560 870 ex
581 834 762 870 omnibus
783 834 958 883 solivagi.
1015 836 1197 883 equitatu
1218 836 1381 870 circum-

209 914 317 948 venti
351 911 523 948 infirmos
558 917 627 948 aut
661 911 784 948 fessos
819 911 1096 948 vulneratosve
1130 914 1169 947 in
1204 911 1379 948 medium

208 1001 353 1039 agmen
370 992 582 1038 recipiunt,
595 989 715 1026 acieil
737 989 845 1026 velut
866 992 1030 1038 imperio
1050 994 1119 1025 aut
1138 991 1292 1025 ratione
1311 1001 1382 1038 per

209 1069 310 1103 vices
324 1067 509 1104 subeunt.

257 1143 374 1194 Capti
411 1144 616 1181 celerrime
649 1145 908 1181 mitificantur
940 1144 1076 1181 hordei
1106 1158 1210 1181 suco.
1268 1144 1380 1181 VIII.

208 1225 418 1271 capiuntur
456 1228 592 1259 autem
618 1225 658 1258 in
685 1222 798 1259 India
824 1236 946 1259 unum
974 1236 1022 1259 ex
1049 1222 1208 1259 domitis
1234 1228 1381 1272 agente

209 1306 362 1337 rectore
399 1303 465 1350 qui
502 1300 795 1350 deprehensum
831 1300 1049 1337 solitarium
1087 1300 1323 1337 abactumve
1360 1313 1381 1336 a

209 1391 332 1427 grege
359 1378 543 1414 verberet
571 1378 722 1421 ferum3
765 1391 842 1428 quo
869 1378 1041 1428 fatigato
1068 1378 1315 1415 transcendit
1342 1381 1380 1414 in

211 1468 301 1491 eum
320 1468 392 1491 nec
411 1468 522 1491 secus
542 1468 587 1491 ac
605 1458 775 1504 priorem
795 1458 911 1506 regit.
968 1455 1101 1492 Africa
1119 1454 1242 1492 foveis
1260 1458 1381 1505 capit,

212 1535 250 1568 in
279 1545 375 1582 quas
404 1532 617 1569 deerrante
645 1532 777 1582 aliquo
806 1536 984 1582 protinus
1012 1536 1135 1570 ceteri
1163 1539 1383 1583 congerunt

211 1623 353 1653 ramos,
380 1610 503 1646 moles
531 1610 759 1654 devolvunt,
787 1623 954 1661 aggeres
981 1616 1232 1655 construunt,
1259 1614 1382 1647 omni-

210 1701 286 1737 que
316 1690 350 1723 vi
379 1693 573 1724 conantur
601 1687 824 1725 extrahere.
881 1694 975 1724 ante
1004 1688 1225 1725 domitandi
1252 1691 1383 1739 gratia

211 1778 326 1815 reges
352 1768 534 1814 equitatu
559 1765 757 1815 cogebant
782 1768 822 1801 in
845 1765 1065 1802 convallem
1090 1779 1211 1803 manu
1234 1765 1383 1803 factam

212 1848 253 1879 et
269 1842 387 1893 longo
403 1848 536 1879 tractu
553 1842 752 1887 fallacem,
769 1846 878 1880 cuius
896 1843 1063 1880 inclusos
1081 1846 1173 1893 ripis
1190 1843 1383 1894 fossisque

212 1921 318 1958 farne
347 1919 588 1957 domabant:
633 1926 914 1970 argumentum
945 1927 1033 1958 erat
1062 1934 1194 1958 ramus
1224 1920 1384 1959 homine

522 2000 534 2018 ยน
550 1999 717 2032 Rackham
733 2001 817 2039 (acie
832 2001 986 2040 Mueller)
1000 2013 1007 2032 :
1032 2011 1081 2033 ac.

216 2045 260 2082 18
