1482 2312
139 393 196 424 153

137 741 197 771 154

139 1366 198 1397 155

417 146 583 184 PLINY
597 160 606 183 z
656 146 917 184 NATURAL
954 146 1186 184 HISTORY

219 249 356 286 audita
393 262 487 286 voce
525 252 738 292 vitiantur3
789 249 1008 285 remedium
1045 255 1183 285 contra
1217 251 1388 286 tonitrus

217 319 348 355 clavus
369 317 519 355 ferreus
539 319 612 355 sub
632 320 820 354 stramine
842 331 1003 354 ovorum
1023 320 1173 368 positus
1194 324 1263 355 aut
1283 324 1389 355 terra

221 402 268 424 ex
316 394 457 424 aratro.
514 387 710 437 quaedam
757 393 892 424 autem
940 393 981 424 et
1025 390 1124 424 citra
1169 388 1386 424 incubitum

219 463 360 507 sponte
407 462 550 493 natura
566 457 578 479 ¹
623 457 782 507 gignit,²
827 462 871 493 ut
927 459 966 492 in
1009 458 1186 507 Aegypti
1231 456 1386 493 fimetis.

217 529 360 563 scitum
379 526 429 564 de
449 526 621 576 quodam
641 532 780 576 potore
799 528 995 576 reperitur
1014 525 1214 576 Syracusis
1234 525 1387 562 tamdiu

219 602 357 646 potare
384 595 543 633 solitum
569 595 695 633 donec
721 601 908 646 cooperta
935 601 1041 632 terra
1066 594 1194 632 fetum
1222 595 1387 632 ederent

217 678 300 702 ova.

273 734 452 771 LXXVI.
482 734 587 781 Quin
621 741 662 771 et
694 735 744 771 ab
776 734 933 771 homine
966 734 1233 784 perficiuntur.
1290 733 1389 770 Iulia

219 805 402 854 Augusta
424 807 551 854 prima
579 818 649 841 sua
677 806 839 840 iuventa
867 804 924 840 Ti.
953 803 1121 840 Caesare
1152 816 1200 840 ex
1231 803 1387 840 Nerone

217 874 394 924 gravida,
407 887 496 910 cum
511 887 649 923 parere
665 873 815 910 virilem
829 886 968 910 sexum
983 873 1196 909 admodum
1210 878 1387 922 cuperet,

219 942 291 980 hoc
319 957 388 980 usa
414 949 475 980 est
501 943 664 993 puellari
693 946 871 993 augurio,
898 956 1014 979 ovum
1040 944 1080 978 in
1107 945 1193 979 sinu
1219 941 1388 979 fovendo

219 1019 355 1062 atque,
378 1026 467 1049 cum
491 1012 772 1063 deponendum
795 1012 976 1056 haberet,
1001 1014 1142 1049 nutrici
1166 1025 1237 1062 per
1260 1013 1387 1048 sinum

218 1082 413 1119 tradendo
438 1095 487 1119 ne
512 1085 846 1119 intermitteretur
870 1088 1007 1131 tepor;
1047 1094 1118 1118 nec
1142 1080 1240 1117 falso
1265 1093 1387 1131 augu-

219 1158 306 1188 rata
326 1151 516 1202 proditur.
571 1165 697 1201 nuper
716 1151 808 1188 inde
829 1151 1005 1187 fortassis
1025 1153 1231 1187 inventum
1253 1156 1297 1187 ut
1317 1163 1389 1187 ova

219 1221 345 1258 calido
365 1223 404 1257 in
425 1221 508 1258 loco
528 1223 713 1271 imposita
732 1221 854 1271 paleis
876 1223 966 1271 igne
989 1220 1141 1257 modico
1162 1219 1389 1256 foverentur

218 1290 376 1328 homine
417 1297 612 1334 versante,
654 1293 880 1340 pariterque
921 1296 963 1326 et
1001 1296 1107 1326 stato
1147 1289 1211 1326 die
1250 1292 1357 1326 vivus
1373 1288 1388 1311 3

222 1367 449 1410 erumperet
494 1359 610 1397 fetus.
666 1360 837 1397 traditur
871 1359 1067 1409 quaedam
1102 1372 1163 1395 ars
1197 1358 1387 1408 gallinarii

220 1430 422 1467 cuiusdam
443 1430 610 1466 dicentis
631 1429 735 1479 quod
757 1442 805 1466 ex
827 1442 985 1478 quaque
1007 1434 1122 1465 esset.
1180 1434 1388 1464 narrantur

221 1505 261 1536 et
285 1505 441 1536 mortua
463 1499 609 1549 gallina
631 1501 761 1535 mariti
786 1511 920 1535 earum
946 1500 1014 1534 visi
1038 1498 1326 1534 succendentes
1348 1499 1387 1533 in

221 1571 345 1606 vicem
365 1575 406 1606 et
425 1569 575 1619 reliqua
594 1568 702 1606 fetae
721 1581 829 1605 more
849 1567 1040 1604 facientes
1060 1568 1388 1616 abstinentesque

222 1652 262 1675 se
295 1645 426 1675 cantu.
496 1651 613 1688 super
645 1640 776 1675 omnia
811 1643 871 1674 est
907 1642 1070 1673 anatum
1107 1639 1186 1673 ovis
1223 1636 1389 1673 subditis

222 1714 343 1758 atque
361 1708 527 1746 exclusis
544 1708 752 1744 admiratio
768 1710 894 1757 prima
911 1720 988 1743 non
1005 1706 1121 1757 plane
1139 1708 1388 1755 agnoscentis

402 1794 415 1814 ²
437 1798 579 1825 naturae
595 1794 702 1825 Gelan.
951 1792 962 1810 ²
984 1793 1038 1824 v.l.
1053 1793 1206 1832 gignunt.

446 1837 459 1856 ⁸
482 1837 608 1868 vivus?
627 1836 666 1867 M
669 1836 782 1876 ayhoff
793 1848 799 1867 :
824 1834 955 1866 milium
972 1839 1028 1866 aut
1044 1834 1160 1866 illi-no.

264 1928 278 1944 ⁸
301 1924 399 1956 Livia
423 1922 572 1954 Drusilla
594 1933 663 1953 was
688 1921 768 1952 thus
794 1921 906 1962 styled
928 1921 1016 1952 after
1040 1921 1096 1951 her
1122 1920 1287 1961 marriage
1308 1920 1390 1952 with

222 1968 403 2007 Augustus.
450 1965 521 1996 Her
544 1965 618 1996 first
642 1964 810 2001 husband,
835 1964 989 1996 Tiberius
1013 1963 1174 1996 Claudius
1198 1964 1297 2001 Nero,
1322 1973 1391 1995 was

221 2010 278 2041 the
295 2009 407 2041 father
424 2009 460 2040 of
476 2009 534 2040 the
552 2008 716 2049 Emperor
733 2007 897 2038 Tiberius.

223 2083 292 2118 390
