1482 2312
414 146 578 184 PLINY
593 161 601 185 ε
651 147 913 185 NATURAL
948 145 1182 184 HISTORY

215 251 389 293 intrant3
447 252 546 286 item
591 250 736 294 soleae,
774 263 864 286 cum
902 249 1054 286 rhombi
1093 251 1256 285 intrent.
1310 260 1384 285 nec

216 306 326 353 sepia
372 303 516 347 adest,1
560 316 650 339 cum
695 302 826 353 lolligo
871 305 1103 352 reperiatur.
1158 300 1384 338 saxatilium

215 356 356 393 turdus
401 362 442 393 et
487 356 638 392 merula
681 356 840 399 desunt,
884 358 986 392 sicut
1029 353 1249 404 conchylia,
1293 367 1384 390 cum

217 416 371 446 ostreae
386 409 591 446 abundent
605 421 614 451 ;
631 412 762 446 omnia
775 415 911 445 autem
924 408 1136 445 hibernant
1149 410 1189 444 in
1202 408 1378 457 Aegan.

217 465 451 499 intrantium
496 461 666 499 Pontum
710 462 780 499 soli
824 475 902 498 non
946 466 1126 498 remeant
1167 460 1386 497 trichiae—

219 515 379 552 Graecis
412 518 517 552 enim
548 518 587 552 in
620 515 818 566 plerisque
850 515 1073 552 nominibus
1106 516 1162 551 uti
1195 527 1266 564 par
1297 515 1386 557 erit,

218 568 377 618 quando
404 568 487 605 aliis
516 574 637 618 atque
666 568 749 605 aliis
777 568 939 605 eosdem
966 568 1108 604 diversi
1136 566 1386 617 appellavere

151 629 191 660 53
220 628 437 666 tractus—,
471 622 541 658 sed
571 622 609 658 hi
645 622 713 658 soli
749 624 788 658 in
819 622 1027 658 Histrum2
1060 621 1233 657 subeunt
1265 625 1307 656 et
1338 632 1387 656 ex

220 688 267 712 eo
306 676 573 712 subterraneis
613 677 696 712 eius
736 677 844 711 venis
883 677 923 710 in
963 673 1239 711 Hadriaticum
1278 685 1387 709 mare

219 727 414 772 defluunt,
442 731 578 778 itaque
607 734 649 765 et
676 727 752 764 illic
780 727 1070 765 descendentes
1098 740 1171 763 nec
1198 739 1389 776 umquam

219 783 437 818 subeuntes
457 794 478 818 e
499 784 596 818 mari
618 784 808 818 visuntur.
864 780 1107 831 thynnorum
1131 786 1299 830 captura
1328 784 1389 815 est

220 848 243 871 a
271 835 521 886 vergiliarum
560 841 702 871 exortu
729 834 779 871 ad
813 837 957 871 arcturi
990 845 1194 876 occasum3
1237 832 1389 882 reliquo

221 894 403 938 tempore
421 888 585 924 hiberno
606 887 735 924 latent
755 890 793 923 in
814 888 1038 937 gurgitibus
1055 888 1142 923 imis
1160 888 1232 922 nisi
1250 891 1389 936 tepore

221 941 352 991 aliquo
387 944 539 978 evocati
579 947 649 977 aut
682 941 919 991 pleniluniis.
976 943 1242 990 pinguescunt
1276 944 1317 975 et
1351 940 1391 974 in

221 1000 381 1031 tantum
402 1000 446 1031 ut
467 994 687 1031 dehiscant.
743 996 825 1030 vita
853 993 1080 1044 longissima
1106 992 1166 1029 his
1192 993 1340 1029 bienni.

154 1054 196 1085 54
272 1047 381 1084 XXI.
412 1047 570 1084 Animal
592 1053 653 1084 est
672 1060 839 1097 parvum
859 1049 1072 1096 scorpionis
1093 1046 1237 1095 effigie,
1258 1046 1391 1081 aranei

221 1101 509 1151 magnitudine.
565 1100 638 1138 hoc
668 1113 709 1137 se
741 1106 783 1137 et
812 1099 966 1150 thynno
997 1106 1038 1136 et
1069 1102 1105 1136 ei
1137 1101 1202 1149 qui
1234 1098 1390 1148 gladius

221 1160 397 1197 vocatur,
431 1155 568 1191 crebro
602 1153 778 1204 delphini
812 1152 1131 1203 magnitudinem
1166 1151 1392 1194 excedenti,

222 1208 294 1244 sub
328 1210 449 1257 pinna
482 1207 622 1257 adfigit
654 1207 805 1251 aculeo,
834 1212 1029 1256 tantoque
1063 1204 1228 1242 infestat
1258 1203 1391 1241 dolore

222 1267 267 1297 ut
300 1263 339 1296 in
373 1273 492 1297 naves
526 1273 814 1310 saepenumero
848 1259 1025 1297 exiliant.
1081 1258 1187 1308 quod
1221 1263 1263 1294 et
1295 1257 1391 1294 alias

222 1313 372 1350 faciunt
400 1313 563 1350 aliorum
586 1316 663 1350 vim
690 1316 880 1350 timentes
907 1312 1075 1362 mugiles
1102 1313 1289 1354 maxime,
1309 1316 1393 1347 tam

221 1370 458 1417 praecipuae
485 1367 705 1404 velocitatis
731 1373 776 1404 ut
801 1373 1026 1403 transversa
1050 1367 1207 1415 navigia
1231 1365 1391 1400 interim

222 1420 518 1470 supe1·iaciant.³

155 1481 196 1510 55
273 1474 404 1510 XXII.
434 1473 535 1510 Sunt
549 1479 590 1510 et
605 1476 645 1509 in
659 1473 732 1509 hac
745 1479 860 1523 parte
875 1478 1040 1509 naturae
1055 1473 1233 1521 auguria,
1246 1475 1339 1507 sunt
1352 1475 1393 1506 et

222 1528 393 1577 piscibus
420 1529 628 1577 praescita.
684 1526 813 1563 Siculo
834 1525 938 1562 bello
965 1524 1196 1562 ambulante
1216 1526 1257 1560 in
1276 1523 1392 1560 litore

410 1629 421 1647 ¹
444 1629 632 1660 Rackham:
658 1634 720 1659 est.

408 1672 419 1689 '2
445 1671 617 1711 Mayhofs:
646 1671 801 1702 Histrum
819 1681 911 1701 mare
927 1675 982 1700 αιιί
1000 1669 1043 1700 Η.
1062 1679 1212 1700 amnem.

409 1716 421 1732 ³⁵
447 1714 600 1755 Mayhoss
613 1714 666 1754 (cf.
686 1714 743 1744 vii.
761 1715 839 1753 81):
864 1713 1111 1754 superiactant,
1131 1715 1214 1743 -ent.

273 1833 380 1882 “snm
401 1834 581 1874 beginning
598 1833 632 1864 of
652 1843 810 1869 summer,
828 1832 886 1863 the
902 1831 985 1862 {Sth
1006 1831 1072 1872 day
1094 1831 1181 1862 after
1201 1830 1259 1862 the
1280 1828 1395 1861 vernal

229 1887 386 1951 eqzurlffil}
397 1920 539 1959 evening
556 1919 692 1959 setting,
711 1918 802 1958 early
820 1918 853 1948 in
871 1917 1072 1949 November.

273 1967 288 2023 Σ
310 1962 519 2036 {gffggnga
536 1962 694 2003 parasitic
712 1960 873 2002 copepod.

229 2066 295 2112 198
