1482 2312
155 345 215 375 138

159 791 219 821 139

432 109 597 147 PLINY
611 123 620 147 ε
670 109 930 147 NATURAL
966 107 1200 146 HISTORY

236 214 445 262 sciuntque
461 212 609 262 lynces,
622 218 662 248 et
678 212 899 248 invidentes
920 214 1071 247 urinam
1091 216 1199 246 terra
1218 211 1400 259 operiunt

236 289 363 325 eoque
382 276 545 312 celerius
568 276 759 312 solidatur
778 275 857 311 illa.

286 339 376 375 Alia
411 340 587 376 sollertia
623 342 662 375 in
699 345 810 376 metu
846 340 1036 377 melibus:
1087 337 1266 375 sufflatae
1301 339 1401 374 cutis

237 403 414 439 distentu
437 406 536 439 ictus
558 402 762 439 hominum
785 409 826 439 et
848 416 998 440 morsus
1020 415 1162 438 canum
1184 406 1331 437 arcent.

290 466 435 503 LVIII.
468 466 679 503 Provident
722 472 1009 516 tempestatem
1052 472 1093 502 et
1134 468 1247 502 sciuri
1289 465 1401 501 obtu-

239 533 414 580 ratisque
443 544 521 580 qua
547 533 765 580 spiraturus
794 536 854 567 est
882 536 1021 567 ventus
1048 531 1224 566 cavernis
1252 542 1300 565 ex
1327 528 1403 564 alia

237 600 351 643 parte
374 597 558 644 aperiunt
581 593 706 637 fores3
743 594 792 631 de
816 600 950 630 cetero
973 596 1064 643 ipsis
1089 593 1258 629 villosior
1277 592 1404 629 cauda

239 671 308 707 pro
335 663 571 708 tegumento
600 664 672 695 est.
729 671 822 708 ergo
850 661 888 694 in
916 657 1066 694 hiemes
1095 657 1179 694 aliis
1206 659 1401 706 provisum

239 722 442 771 pabulum,
466 722 551 759 aliis
573 735 643 772 pro
666 722 753 758 cibo
776 735 946 758 somnus.

291 786 396 823 LIX.
426 786 679 836 Serpentium
707 788 841 836 vipera
866 785 949 822 sola
975 791 1082 822 terra
1108 785 1252 822 dicitur
1276 784 1404 828 condi,

240 856 400 886 ceterae
434 851 615 886 arborum
651 856 720 887 aut
753 863 937 887 saxorum
970 852 1085 886 cavis.
1142 854 1183 886 et
1215 848 1311 885 alias
1344 848 1404 885 vel

241 927 372 950 annua
402 914 507 951 fame
538 914 683 951 durant
717 914 850 964 algore
884 913 1000 951 modo
1034 913 1209 962 dempto.
1275 914 1405 949 omnia

242 991 417 1014 secessus
463 985 643 1027 tempore
689 991 841 1015 veneno
886 978 981 1014 orba
1025 977 1237 1014 dormiunt.
1291 976 1404 1013 simili

242 1042 358 1078 modo
383 1048 423 1079 et
446 1042 618 1086 cocleae,
640 1042 732 1078 illae
756 1042 916 1092 quidem
940 1045 1083 1078 iterum
1109 1047 1149 1078 et
1173 1041 1406 1084 aestatibus,

241 1105 505 1143 adhaerentes
534 1109 707 1143 maxime
736 1109 854 1149 saxis,
883 1112 952 1142 aut
982 1108 1104 1142 etiam
1133 1108 1273 1141 iniuria
1301 1117 1406 1141 resu-

162 1176 217 1206 140
239 1173 402 1219 pinatae
439 1171 675 1220 avolsaeque
713 1184 788 1207 non
825 1176 961 1206 tamen
999 1175 1204 1206 exeuntes.
1259 1171 1299 1205 in
1334 1168 1406 1205 Ba-

162 1751 215 1780 141

242 1234 400 1270 liaribus
434 1248 525 1271 vero
557 1234 690 1271 insulis
721 1237 923 1271 cavaticae
954 1233 1181 1283 appellatae
1212 1246 1290 1270 non
1320 1246 1408 1282 pro-

244 1305 387 1347 repunt
413 1312 433 1335 e
456 1301 560 1335 cavis
584 1304 716 1335 terrae
741 1311 871 1348 neque
895 1298 1018 1335 herba
1042 1300 1191 1341 vivunt,
1215 1297 1285 1334 sed
1308 1310 1406 1334 uvae

242 1362 358 1399 modo
383 1366 486 1399 inter
509 1377 550 1399 se
574 1362 801 1399 cohaerent.
857 1369 917 1400 est
942 1368 983 1398 et
1006 1362 1112 1398 aliud
1133 1375 1258 1412 genus
1280 1364 1407 1398 minus

245 1426 405 1476 vulgare
450 1426 695 1463 adhaerente
740 1426 925 1476 operculo
971 1426 1146 1462 eiusdem
1191 1431 1323 1462 testae
1366 1439 1407 1462 se

242 1493 435 1539 operiens.
491 1491 658 1527 obrutae
685 1496 790 1527 terra
817 1503 974 1539 semper
1000 1489 1074 1526 hae
1102 1496 1142 1526 et
1167 1492 1270 1526 circa
1294 1492 1408 1526 mari-

244 1557 360 1591 timas
387 1560 545 1591 tantum
572 1555 694 1604 Alpes
722 1555 921 1604 quondam
949 1554 1112 1590 effossae
1137 1566 1305 1603 coepere
1329 1556 1407 1590 iam

243 1621 323 1654 erui
352 1624 393 1655 et
418 1621 458 1654 in
484 1618 710 1662 Velitern03
750 1621 925 1654 omnium
951 1625 1087 1654 tamen
1112 1617 1408 1654 laudatissimae

242 1684 279 1717 in
311 1682 557 1732 Astypalaea
584 1683 722 1719 insula.

291 1745 374 1782 LX.
408 1746 616 1790 Lacertae,
652 1749 960 1783 inimicissimum
995 1759 1120 1797 genus
1154 1745 1308 1789 cocleis,
1343 1758 1408 1782 ne-

509 1913 522 1926 ‘1
547 1908 681 1939 Velletri
703 1908 736 1938 in
756 1908 901 1939 Latium.

511 1951 522 1970 ¹²
547 1951 618 1982 One
632 1951 666 1981 of
680 1951 737 1981 the
752 1950 917 1992 Sporades
933 1961 1011 1981 near
1025 1950 1131 1982 Crete.
