1482 2312
106 494 165 524 261

390 108 557 146 PLINY
572 123 580 146 z
631 109 892 146 NATURAL
930 108 1164 146 HISTORY

189 214 294 249 inter
312 214 426 248 initia
445 214 550 261 pasci
575 214 646 247 nisi
667 214 882 247 summissis
902 211 1070 261 genibus
1090 223 1168 247 non
1184 217 1361 259 possunt,

189 294 263 318 nee
281 294 407 331 usque
424 281 520 318 dum
537 283 668 317 cervix
688 280 738 316 ad
756 282 860 316 iusta
877 282 1124 316 incrementa
1141 282 1359 329 perveniat.

242 350 506 387 Pumilionum
545 363 671 400 genus
713 352 749 385 in
790 349 972 386 omnibus
1013 348 1247 385 animalibus
1288 354 1362 389 est,

190 426 313 469 atque
341 422 463 456 etiam
490 422 595 456 inter
620 419 808 455 volucres.

239 488 343 525 CIX.
374 488 578 525 Genitalia
619 488 792 524 maribus
833 488 975 537 quibus
1017 493 1151 524 essent
1191 492 1362 524 retrorsa

190 558 372 595 diximus.
435 571 548 595 ossea
604 563 695 594 sunt.
754 557 868 606 lupis,
923 556 1115 606 vulpibus,
1172 555 1365 599 mustelis,

191 630 364 667 viverris.
386 627 491 664 unde
512 630 634 664 etiam
655 627 807 663 calculo
826 626 1001 662 humano
1021 626 1198 662 remedia
1217 628 1364 675 praeci—

192 711 282 747 pua.
340 710 428 733 urso
443 710 601 746 quoque
615 695 731 732 simul
745 702 867 746 atque
883 698 1124 745 expiraverit
1136 707 1366 732 cornescere

192 769 315 803 aiunt.
370 765 566 802 camelino
606 779 718 802 arcus
759 764 969 801 intendere
1009 766 1172 801 orientis
1213 763 1366 813 populis

192 836 435 872 fidissimum.
492 848 563 872 nec
609 848 687 871 non
731 834 863 884 aliqua
902 836 1082 884 gentium
1127 846 1286 883 quoque
1328 835 1366 869 in

191 904 264 942 hoc
295 905 520 941 discrimina
552 910 593 941 et
623 917 823 941 sacrorum
855 906 991 945 etiam,
1022 905 1122 940 citra
1152 904 1367 952 perniciem

107 979 171 1010 262
191 975 492 1024 amputantibus
509 974 653 1011 Matris
668 973 801 1010 Deum
817 973 954 1010 Gallis.
1005 979 1143 1009 eontra
1158 971 1367 1009 mulierum

110 1534 172 1567 263

192 1047 326 1094 paucis
359 1044 583 1094 prodigiosa
615 1043 869 1085 adsimilatio‚
901 1045 1002 1079 sicut
1035 1041 1368 1091 hermaphroditis

196 1117 402 1164 utriusque
436 1126 568 1155 sexus,
604 1113 709 1162 quod
745 1115 867 1149 etiam
903 1111 1194 1162 quadripedum
1229 1113 1365 1161 generi

193 1184 381 1220 accidisse
398 1183 566 1219 Neronis
581 1185 807 1232 principatu
828 1185 998 1231 primum
1015 1180 1206 1217 arbitror:
1236 1186 1368 1216 osten-

191 1253 308 1289 tabat
327 1259 437 1289 certe
461 1251 806 1301 hermaphroditas
830 1251 1060 1287 subiunctas
1083 1255 1275 1299 carpento
1298 1262 1368 1285 suo

194 1335 330 1372 equas,
350 1325 389 1358 in
408 1322 617 1358 Treverico
631 1321 788 1358 Galliae
808 1334 904 1371 agro
924 1326 1230 1370 repertas—ceu
1250 1318 1368 1368 plane

199 1391 361 1428 visenda
410 1404 471 1427 res
522 1397 627 1428 esset
678 1393 896 1439 principem
948 1395 1144 1426 terrarum
1196 1387 1366 1424 insidere

197 1463 404 1510 portentis.

242 1529 324 1567 CX.
353 1530 494 1567 Testes
522 1533 653 1579 pecori
684 1534 946 1578 armentoque
975 1527 1026 1564 ad
1053 1540 1167 1564 crura
1195 1526 1366 1570 decidui,

193 1600 314 1637 subus
331 1599 489 1636 adnexi.
544 1598 733 1647 delphino
749 1599 954 1648 praelongi
974 1597 1127 1634 ultuma
1144 1595 1370 1633 conduntur

193 1669 294 1712 alvo,
326 1675 365 1706 et
397 1668 614 1718 elephanto
643 1667 799 1705 occulti.
853 1680 926 1704 ova
956 1669 1196 1716 parientium
1229 1665 1369 1701 lumbis

195 1741 300 1775 intus
321 1738 556 1779 adhaerent,
576 1737 709 1788 qualia
728 1739 908 1774 ocissima
929 1739 967 1771 in
988 1748 1145 1772 venere.
1200 1734 1370 1784 piscibus

193 1808 527 1858 serpentibusque
583 1806 693 1850 nulli,
735 1806 804 1844 sed
850 1818 986 1843 eorum
1031 1807 1114 1841 vice
1158 1804 1276 1840 binae
1319 1802 1370 1840 ad

705 1958 719 1972 α
740 1954 784 1986 Χ.
804 1955 871 1986 173.

194 2029 262 2075 596
