1482 2312
156 863 196 894 73

422 140 588 179 PLINY
602 154 612 179 z
662 141 923 179 NATURAL
958 140 1193 178 HISTORY

223 245 324 280 ratio
347 248 409 280 est
432 248 478 280 ut
501 249 610 280 tutos
634 242 740 280 fetus
764 243 900 287 edant,
925 245 1017 293 quia
1041 256 1118 279 non
1143 244 1222 279 sint
1246 243 1298 279 ibi
1326 244 1391 292 qui

223 304 416 341 devorent
458 310 595 354 partus
638 304 861 353 fluctusque
904 306 1031 340 minus
1075 306 1265 340 saeviant.
1322 302 1391 339 has

224 365 401 416 intellegi
436 366 486 402 ab
520 367 566 402 iis
599 379 736 402 causas
771 368 996 415 servarique
1030 371 1257 414 temporum
1292 366 1395 401 vices

224 429 350 477 magis
369 429 536 464 miretur
553 429 583 463 si
604 429 689 476 quis
708 432 870 476 reputet
889 432 1011 476 quoto
1030 428 1172 475 cuique
1192 425 1395 462 hominum

224 490 329 524 nosci
373 489 613 525 uberrimam
656 501 742 525 esse
785 494 992 538 capturam
1037 487 1117 524 sole
1160 492 1394 524 transeunte

223 551 388 599 piscium
417 552 588 599 signum.

273 610 458 647 XXXVI.
491 610 736 647 Marinorum
771 610 833 646 alii
868 616 960 647 sunt
993 610 1112 660 plani,
1147 615 1192 646 ut
1224 609 1394 654 rhombi,

223 671 354 709 soleae
379 685 424 709 ac
448 685 640 722 passereS,
665 674 730 722 qui
756 673 806 708 ab
830 671 1003 708 rhombis
1027 674 1105 708 situ
1130 677 1289 708 tantum
1312 684 1394 708 cor-

222 747 362 783 porum
400 733 784 770 differunt—dexter
817 733 879 770 hic
918 735 1168 783 resupinatus
1208 738 1269 770 est
1306 732 1394 777 illis,

222 797 370 845 passeri
418 795 571 838 laevos3
639 795 702 831 alii
751 794 869 845 longi,
918 800 961 831 ut
1009 808 1187 839 murena,
1233 807 1391 844 conger.

222 856 430 893 XXXVII.
462 856 557 893 Ideo
586 859 795 906 pinnarum
826 869 983 906 quoque
1019 855 1118 892 fiunt
1152 855 1393 900 discrimina,

223 931 326 968 quae
356 918 504 968 pedum
535 920 617 955 vice
647 923 739 954 sunt
768 917 888 954 datae
918 918 1103 967 piscibus,
1133 916 1247 953 nullis
1277 930 1395 967 supra

223 985 427 1029 quattuor,
440 979 677 1029 quibusdam
691 986 844 1023 ternae,
858 978 1095 1029 quibusdam
1111 979 1243 1023 binae,
1257 978 1396 1028 aliquis

223 1040 366 1077 nullae.
422 1043 461 1077 in
485 1041 630 1077 Fucino
651 1046 809 1077 tantum
832 1040 917 1077 lacu
938 1042 1054 1090 piscis
1076 1045 1137 1077 est
1158 1042 1222 1089 qui
1245 1041 1397 1076 octonis

223 1104 352 1152 pinnis
386 1108 512 1139 natat.
567 1103 684 1139 binae
719 1104 878 1138 omnino
911 1101 1036 1151 longis
1071 1107 1111 1138 et
1146 1101 1318 1145 lubricis,
1352 1106 1396 1137 ut

224 1163 406 1214 anguillis
427 1169 469 1201 et
489 1166 657 1214 congris,
679 1163 762 1200 aliis
781 1163 793 1186 ¹
816 1162 961 1208 nullae,
982 1169 1026 1199 ut
1047 1165 1234 1207 murenis,
1255 1163 1396 1212 quibus

224 1238 297 1262 nec
348 1224 572 1262 branchiae.
628 1224 726 1262 haec
778 1227 910 1261 omnia
961 1223 1136 1261 flexuoso
1187 1237 1395 1274 corporum

223 1286 379 1337 inpulsu
410 1289 467 1323 ita
496 1289 593 1323 mari
624 1292 792 1323 utuntur
821 1292 866 1323 ut
895 1292 1102 1336 serpentes
1132 1291 1253 1329 terra,
1283 1290 1325 1322 et
1354 1287 1394 1321 in

224 1350 327 1385 sicco
362 1361 521 1398 quoque
557 1354 725 1398 repunt3
774 1348 864 1384 ideo
901 1350 1023 1384 etiam
1060 1349 1253 1383 vivaciora
1287 1346 1394 1383 talia.

225 1415 266 1447 et
283 1422 304 1446 e
319 1409 446 1460 planis
467 1409 598 1460 aliqua
618 1423 695 1446 non
716 1408 867 1446 habent
888 1411 1041 1459 pinnas,
1055 1414 1099 1445 ut
1118 1410 1398 1458 pastinacae—

225 1473 309 1521 ipsa
333 1473 438 1508 enim
465 1471 676 1508 latitudine
702 1476 940 1507 natant—et
966 1483 1068 1520 quae
1095 1469 1227 1506 mollia
1249 1469 1398 1520 appell-

225 1538 357 1577 antur,
398 1539 443 1569 ut
485 1532 634 1583 polypi,
676 1535 863 1582 quoniam
905 1532 1028 1582 pedes
1070 1531 1144 1568 illis
1185 1533 1394 1582 pinnarum

225 1596 351 1631 vicem
374 1600 582 1644 praestant

275 1655 505 1692 XXXVIII.
535 1655 746 1706 Anguillae
765 1657 916 1692 octonis
936 1657 1073 1691 vivunt
1091 1656 1214 1691 annis.
1250 1654 1396 1691 durant

225 1722 267 1754 et
283 1720 365 1754 sine
383 1731 486 1767 aqua
502 1720 630 1767 quinis
647 1723 689 1754 et
701 1717 715 1740 2
733 1719 836 1753 senis
852 1717 992 1753 diebus
1008 1716 1190 1766 aquilone
1207 1717 1397 1765 spirante,

224 1784 358 1816 austro
391 1780 651 1828 paucioribus.
707 1784 749 1815 at
782 1777 955 1815 hiemem
984 1777 1150 1815 eaedem
1179 1779 1219 1813 in
1252 1779 1398 1827 exigua

499 1865 509 1884 ¹
534 1864 608 1895 aliis
624 1864 697 1895 add.
718 1864 757 1895 M
763 1864 858 1895 ueller
874 1875 911 1895 ex
927 1863 1106 1895 Aristotele.

497 1907 510 1926 ²
533 1907 675 1939 Mueller
689 1917 727 1939 ex
743 1907 801 1938 Ar.
818 1919 824 1938 :
850 1907 923 1938 sine
939 1906 1039 1946 aquis
1054 1909 1098 1937 et.

424 2014 438 2029 ‘¹
463 2010 508 2042 Or
524 2009 609 2046 dab;
638 2010 697 2040 the
713 2009 957 2040 identification
975 2009 1001 2039 is
1017 2008 1188 2040 doubtful.

227 2068 297 2092 210
