1482 2312
187 568 225 598 16

187 1061 223 1091 17

186 1676 224 1708 18

446 155 613 193 PLINY
627 169 636 193 ι
687 155 952 194 NATURAL
988 156 1225 194 HISTORY

251 258 492 307 impleantur
513 258 717 295 hominum
738 265 937 296 conventu
959 258 1058 302 fora,
1079 261 1247 308 ignavae
1268 258 1422 296 sedent.

250 319 471 369 aquilarum
500 323 646 369 pinnae
675 323 820 357 mixtas
849 320 1089 370 reliquarum
1117 320 1256 357 alitum
1285 323 1424 370 pinnas

250 380 455 418 devorant.
511 387 662 431 negant
715 394 905 431 umquam
957 381 1081 418 solam
1134 380 1235 418 hanc
1287 381 1424 418 alitem

250 441 415 479 fulmine
438 445 731 486 exanimatam3
769 442 858 479 ideo
882 445 1118 492 armigeram
1142 442 1243 480 Iovis
1263 455 1425 479 consue-

250 503 348 540 tudo
367 503 567 541 iudicavit.

304 564 348 601 V.
380 565 565 602 Romanis
611 578 699 607 cam
747 565 966 615 legionibus
1015 565 1137 602 Gaius
1187 566 1339 602 Marius
1385 568 1425 602 in

251 626 425 663 secundo
442 626 650 663 consulatu
667 640 738 663 suo
754 629 911 676 proprie
929 626 1086 663 dicavit.
1143 632 1229 664 erat
1247 632 1287 663 et
1305 632 1425 664 antea

251 690 377 736 prima
416 701 504 724 cum
545 693 736 737 quattuor
774 688 881 725 aliis:
935 688 1029 737 lupi,
1069 690 1294 731 minotauri,
1334 691 1424 738 equi

251 752 415 799 aprique
431 749 604 799 singulos
621 749 777 786 ordines
793 750 1024 793 anteibant3
1053 752 1187 799 paucis
1203 755 1298 786 ante
1314 752 1425 786 annis

250 810 333 846 sola
358 813 397 846 in
424 813 548 847 aciem
576 814 723 860 portari
749 817 893 860 coepta
920 817 1020 854 erat,
1045 811 1198 860 reliqua
1224 813 1262 847 in
1287 813 1425 848 castris

250 871 598 922 relinquebantur3
649 872 800 909 Marius
822 875 863 908 in
884 878 1016 909 totum
1040 885 1087 909 ea
1110 872 1320 909 abdicavit.
1376 885 1425 909 ex

252 946 298 970 eo
323 940 508 970 notatum
533 947 610 970 non
636 933 720 971 fere
745 934 909 984 legionis
935 947 1124 984 umquam
1148 933 1315 971 hiberna
1340 946 1425 971 esse

249 1001 379 1031 castra
399 995 464 1031 ubi
484 995 705 1045 aquilarum
725 1009 803 1032 non
821 999 871 1032 sit
891 999 1039 1046 iugum.

304 1055 434 1093 Primo
469 1063 509 1093 et
545 1057 718 1094 secundo
751 1060 887 1107 generi
924 1070 1001 1093 non
1036 1060 1231 1094 minorum
1265 1062 1424 1094 tantum

252 1117 542 1167 quadripedum
571 1121 709 1168 rapina
739 1118 809 1156 sed
839 1121 961 1156 etiam
991 1132 1080 1155 cum
1109 1120 1232 1155 cervis
1262 1117 1423 1168 proelia.

252 1179 421 1216 multum
445 1179 647 1229 pulverem
671 1180 852 1217 volutatu
873 1180 1085 1217 collectum
1108 1179 1280 1217 insidens
1302 1182 1425 1216 corni-

250 1241 322 1278 bus
355 1244 507 1278 excutit
538 1244 577 1277 in
608 1242 753 1285 oculos,
786 1244 913 1292 pinnis
944 1255 1012 1278 ora
1043 1242 1269 1285 verberans,
1299 1241 1425 1278 donec

252 1306 488 1352 praecipitet
511 1305 550 1339 in
574 1317 702 1353 rupes.
759 1317 831 1341 nec
861 1317 961 1340 unus
988 1303 1110 1340 hostis
1136 1302 1191 1339 illi
1213 1305 1333 1340 satis:
1365 1308 1425 1340 est

250 1364 400 1400 acriorl
424 1377 513 1401 cum
538 1364 708 1402 dracone
733 1378 867 1415 pugna
890 1364 1096 1415 multoque
1117 1367 1243 1415 magis
1266 1377 1425 1413 anceps,

251 1428 405 1462 etiamsi
426 1428 465 1461 in
486 1439 589 1463 aere.
611 1440 683 1463 ova
703 1425 765 1463 hic
783 1432 1037 1463 consectatur
1056 1426 1213 1476 aquilae
1233 1425 1425 1462 aviditate

251 1487 451 1530 malefica;
491 1488 621 1537 aquila
639 1487 653 1511 ²
678 1487 750 1525 hoc
774 1491 877 1538 rapit
903 1488 1142 1538 ubicumque
1168 1490 1305 1524 visum.
1360 1486 1425 1523 ille

251 1548 456 1598 multiplici
487 1562 592 1586 nexu
622 1549 704 1586 alas
733 1549 831 1600 ligat
860 1552 916 1586 ita
946 1563 987 1587 se
1017 1549 1207 1598 inplicans
1237 1555 1281 1586 ut
1310 1548 1423 1586 simul

250 1609 407 1647 decidat
430 1610 546 1660 ipse.³

302 1671 368 1708 VI.
399 1671 574 1709 Celebris
612 1673 718 1722 apud
755 1672 898 1710 Seston
936 1673 1074 1710 urbem
1113 1672 1269 1722 aquilae
1301 1671 1426 1722 gloria

251 1740 324 1770 est:
350 1733 560 1770 educatam
579 1747 601 1770 a
620 1737 770 1784 virgine
789 1734 969 1771 retulisse
987 1737 1158 1784 gratiam
1176 1747 1268 1771 aves
1285 1736 1425 1783 primo,

431 1819 441 1837 ¹
464 1820 517 1850 vJ..
535 1820 618 1850 satis
634 1824 685 1851 est
700 1833 707 1856 ;
733 1820 843 1851 acrior
858 1824 920 1851 est.

428 1862 440 1880 ²
463 1862 638 1902 Maykoff:
668 1863 711 1893 ab
727 1862 782 1893 illa
798 1867 854 1893 aut
870 1866 908 1893 ab
924 1862 991 1894 issa.

426 1906 439 1925 ³
462 1907 533 1947 ipse
551 1905 707 1947 Mayhoff
715 1918 721 1936 :
747 1916 847 1947 saepe
865 1908 935 1943 (aut
953 1909 1004 1937 est,
1023 1906 1245 1946 percelebris).

407 1995 422 2010 ⁶
444 1991 543 2032 Pliny
562 1992 588 2023 is
605 1991 808 2033 translating
825 1991 897 2032 περὶ
915 1990 1035 2032 ἀγορὰν
1050 1990 1247 2031 πλήθουσαν.

408 2033 419 2052 ⁶
445 2035 506 2065 104
527 2042 593 2066 Β.ο.

247 2092 313 2127 302
