1482 2312
138 257 180 287 46

145 1220 187 1250 48

148 1671 189 1701 49

397 146 586 184 PLINY:
638 147 900 184 NATURAL
938 147 1171 185 HISTORY

254 250 361 287 XVI.
391 250 512 287 Fetus
541 263 715 300 quonam
742 250 859 287 modo
887 257 1199 301 progenerarent
1225 265 1371 302 magna

206 318 310 351 inter
333 314 507 351 eruditos
532 320 573 351 et
596 314 750 351 subtilis
773 313 848 351 fuit
872 318 1075 364 quaestio3
1111 318 1243 364 apium
1267 318 1370 352 enim

205 382 331 416 coitus
358 381 459 415 visus
484 384 545 415 est
568 391 797 428 numquam.
851 378 981 428 plures
1006 381 1283 416 existimavere
1305 392 1372 416 ore

205 443 374 493 confingi
397 442 555 479 floribus
574 445 800 492 compositis
817 442 832 465 ¹
851 442 992 479 calami
1009 443 1024 465 2
1049 449 1171 493 atque
1196 443 1373 486 olivae³;

206 507 325 556 aliqui
363 509 469 543 coitu
508 509 635 550 unius,
669 509 733 556 qui
772 520 841 544 rex
879 509 918 542 in
956 520 1113 557 quoque
1150 507 1374 557 appelletur

207 573 414 614 examine3
476 570 579 607 hunc
632 584 716 608 esse
769 570 895 607 solum
947 584 1111 615 marem,
1162 574 1375 621 praecipua

207 635 497 685 magnitudine,
526 648 576 672 ne
605 634 788 672 fatiscat:
831 635 921 672 ideo
950 634 1077 672 fetum
1107 638 1191 672 sine
1221 649 1268 672 eo
1297 649 1374 672 non

209 699 286 743 edi,
331 712 505 749 apesque
550 699 720 749 reliquas
763 705 970 749 tamquam
1016 713 1165 736 marem
1209 699 1375 736 feminas

207 766 401 807 comitari,
429 777 507 800 non
536 769 743 813 tamquam
774 763 927 800 ducem.
985 777 1104 813 quam
1132 763 1376 813 probabilem

208 827 305 864 alias
329 830 571 865 sententiam
596 827 774 864 fucorum
799 834 1013 878 proventus
1036 831 1238 879 coarguit3
1275 841 1377 878 quae

209 895 315 929 enim
331 895 431 929 ratio
450 898 495 928 ut
514 892 621 929 idem
639 895 765 929 coitus
785 892 880 929 alios
895 892 1127 942 perfectos‚4
1139 892 1377 942 inperfectos

209 962 376 1006 generet
400 956 523 992 alios?
560 959 718 1007 propior
740 969 832 993 vero
855 959 959 1006 prior
982 959 1224 994 existimatio
1251 956 1377 1001 fieret,

210 1023 249 1056 ni
269 1034 400 1057 rursus
420 1020 497 1056 alia
516 1020 723 1058 difficultas
743 1027 966 1058 ocurreret:
999 1024 1146 1071 quippe
1165 1026 1380 1058 nascuntur

209 1084 422 1135 aliquando
459 1087 497 1121 in
533 1088 722 1122 extremis
754 1084 853 1122 favis
887 1098 981 1135 apes
1014 1085 1243 1136 grandiores
1277 1098 1379 1135 quae

209 1155 363 1186 ceteras
418 1149 574 1199 fugant.
628 1155 781 1186 oestrus
838 1155 1001 1186 vocatur
1054 1148 1128 1186 hoc
1182 1149 1380 1186 malum—-

213 1226 385 1264 quonam
427 1213 544 1250 modo
586 1227 750 1250 nascens
792 1217 821 1250 si
864 1217 973 1263 ipsae
1026 1213 1208 1264 fingunt?
1275 1213 1380 1264 quod

211 1284 364 1314 certum
403 1284 478 1322 est,
515 1277 752 1328 gallinarum
790 1278 907 1315 modo
944 1278 1145 1315 incubant.
1199 1278 1238 1315 id
1275 1277 1381 1328 quod

212 1342 415 1379 exclusum
454 1348 514 1379 est
552 1345 678 1392 primo
717 1342 949 1379 vermiculus
988 1342 1143 1379 videtur
1177 1341 1381 1386 candidus,

211 1409 343 1443 iacens
374 1412 621 1444 transversus
653 1406 953 1457 adhaerensque
984 1409 1040 1443 ita
1071 1412 1116 1443 ut
1147 1420 1237 1456 pars
1266 1419 1381 1444 cerae

213 1470 406 1508 videatur.
460 1484 530 1508 rex
548 1474 686 1508 statim
706 1471 837 1508 mellei
852 1471 1005 1515 coloris,
1020 1477 1064 1508 ut
1080 1471 1208 1508 electo
1223 1470 1317 1508 flore
1332 1484 1382 1508 ex

213 1538 317 1572 omni
357 1538 472 1585 copia
511 1535 654 1579 factus,
693 1549 825 1586 neque
865 1534 1098 1572 vermiculus
1137 1535 1208 1572 sed
1245 1538 1381 1572 statim

213 1602 405 1649 pinniger.
459 1605 595 1637 cetera
619 1600 739 1637 turba
763 1613 853 1636 cum
878 1599 1046 1636 formam
1070 1612 1213 1649 capere
1237 1602 1382 1649 coepit,

214 1663 415 1715 nymphae
442 1670 645 1708 vocantur,
665 1670 709 1701 ut
732 1663 810 1701 fuci
831 1667 978 1701 sirenes
998 1669 1066 1701 aut
1086 1662 1295 1713 cephenes.
1351 1665 1382 1700 si

429 1779 438 1796 ¹
462 1779 516 1809 υλ.
533 1778 751 1819 compositas.

428 1820 439 1838 ²
460 1820 581 1852 calami
597 1821 672 1851 adal.
690 1820 862 1860 Dellessen.

426 1864 438 1880 ³
460 1863 570 1894 olivae
586 1874 623 1895 ex
638 1863 809 1894 Aristotele
826 1862 988 1902 Detlessen
1002 1874 1010 1894 ι
1035 1861 1172 1893 utiliter.

430 1907 438 1923 ³
461 1906 513 1937 v.l.
531 1917 592 1938 om.
610 1906 694 1937 alios
710 1906 888 1946 perfectos.

689 2017 703 2033 ⁰
727 2013 778 2054 cs.
798 2015 867 2053 §27
884 2024 915 2046 η.

216 2080 286 2123 460
