1482 2312
186 606 224 636 lo

186 1222 219 1252 ll

187 1652 225 1682 12

446 128 611 167 PLINY
626 143 634 167 :
686 129 948 167 NATURAL
984 129 1217 167 HISTORY

247 245 320 269 nec
338 235 503 282 pinguia
521 245 594 268 nec
611 245 764 276 carnes,
782 244 833 268 ne
851 238 1025 268 crustam
1044 230 1205 281 quidem
1221 230 1418 281 fragilem,

249 300 292 330 ut
314 292 512 343 quaedam
532 296 699 337 marina,
718 305 792 330 nec
813 306 915 343 quae
935 295 1019 330 iure
1039 292 1195 329 dicatur
1213 295 1329 336 cutis,
1348 291 1418 329 sed

247 355 404 391 mediae
430 354 635 391 cuiusdam
660 357 766 391 inter
790 357 923 391 omnia
947 353 1046 391 haec
1071 359 1240 390 naturae
1264 366 1418 402 corpus,

247 419 375 452 arenti
399 416 539 460 simile,
561 418 602 452 in
620 416 634 439 1
658 429 778 452 nervo
802 415 972 459 mollius,
994 418 1035 452 in
1057 415 1217 465 reliquis
1240 414 1418 464 partibus

247 480 373 514 tutius
397 491 488 514 vere
512 490 633 527 quam
655 477 802 514 durius.
858 483 899 514 et
922 476 996 513 hoc
1021 477 1148 514 solum
1173 479 1219 513 iis
1248 481 1323 520 est,
1345 489 1418 512 nec

248 545 458 588 practerea
490 538 621 582 aliud;
667 538 764 575 nihil
794 541 901 575 intus
934 541 1006 575 nisi
1039 538 1252 575 admodum
1285 539 1418 587 paucis

247 603 481 637 intestinum
520 600 765 650 inplicatum.
822 603 959 650 itaque
1006 599 1163 637 divolsis
1206 601 1417 649 praecipua

248 665 435 699 vivacitas
478 668 519 699 et
561 665 736 712 partium
777 662 1020 712 singularum
1062 661 1286 711 palpitatio,
1327 663 1419 710 quia

248 737 523 774 quaecumque
559 729 619 760 est
653 726 755 760 ratio
789 723 919 760 vitalis
951 723 1019 759 illa
1053 736 1131 759 non
1164 725 1282 759 certis
1315 725 1417 758 inest

249 786 435 822 membris
459 785 530 822 sed
552 791 640 822 toto
664 788 703 821 in
727 798 903 834 corpore,
927 787 1089 821 minime
1111 790 1249 821 tamen
1271 786 1418 833 capite,

248 847 455 897 solumque
488 860 565 883 non
597 852 780 883 movetur
811 849 883 883 nisi
915 860 1004 883 cum
1036 852 1198 896 pectore
1229 844 1416 882 avolsum.

249 911 288 944 in
314 908 422 945 nullo
447 922 595 958 genere
621 908 733 958 plure
759 914 851 945 sunt
877 907 1014 958 pedes,
1040 913 1081 944 et
1111 907 1252 958 quibus
1283 919 1332 944 ex
1359 905 1419 943 his

249 970 419 1019 plurimi,
440 970 587 1007 diutius
626 973 762 1006 vivunt
795 969 960 1013 divulsa,
994 975 1039 1006 ut
1076 972 1115 1005 in
1153 967 1418 1018 scolopendris

249 1031 439 1068 videmus.
494 1030 644 1068 habent
669 1037 805 1068 autem
830 1031 962 1068 oeulos
986 1037 1227 1080 praeterque
1252 1043 1274 1066 e
1298 1031 1418 1066 sensi-

249 1093 320 1130 bus
353 1099 509 1130 tactum
543 1098 666 1142 atque
700 1098 922 1143 gustatum,
956 1092 1087 1142 aliqua
1123 1097 1163 1128 et
1197 1091 1420 1133 odoratum,

250 1168 377 1204 pauca
396 1160 437 1191 et
455 1154 648 1191 auditum.

301 1215 367 1253 IV.
397 1215 476 1252 Sed
497 1219 602 1252 inter
622 1219 754 1252 omnia
777 1229 824 1252 ea
846 1218 1090 1265 principatus
1112 1215 1250 1264 apibus
1273 1221 1315 1251 et
1335 1218 1419 1251 iure

249 1280 461 1327 praecipua
495 1278 718 1321 admiratio,
751 1277 841 1314 solis
875 1291 923 1314 ex
958 1290 1004 1314 eo
1037 1290 1184 1327 genere
1216 1275 1418 1312 hominum

247 1353 366 1376 causa
386 1342 544 1390 genitis.
610 1339 729 1376 mella
748 1338 988 1376 contrahunt
1010 1351 1227 1388 sucumque
1247 1337 1419 1375 dulcissi-

249 1415 356 1437 mum
387 1407 510 1451 atque
540 1401 839 1438 subtilissimum
869 1414 914 1438 ac
943 1400 1269 1443 saluberrimum3
1310 1398 1420 1436 favos

247 1463 479 1513 confingunt
516 1469 556 1499 et
590 1476 700 1499 ceras
735 1462 843 1499 mille
878 1462 929 1499 ad
964 1475 1055 1499 usus
1090 1464 1209 1505 vitae,
1242 1461 1416 1497 laborem

248 1524 437 1568 tolerant,
485 1537 606 1574 opera
653 1524 880 1568 conficiunt,
928 1523 1212 1573 rempublicam
1255 1521 1419 1565 habent,

248 1585 409 1622 consilia
428 1589 611 1635 privatim
631 1599 675 1622 ac
694 1586 814 1622 duces
832 1588 1045 1636 gregatim,
1064 1591 1105 1622 et
1124 1584 1230 1634 quod
1247 1587 1419 1621 maxime

250 1650 392 1684 mirum
419 1651 483 1690 sit,
510 1661 638 1684 mores
664 1647 813 1684 habent
841 1653 1001 1697 praeter
1026 1646 1193 1688 cetera,2
1220 1660 1310 1683 cum
1338 1649 1414 1683 sint

250 1722 380 1759 neque
396 1712 593 1746 mansueti
609 1712 766 1759 generis
782 1722 913 1759 neque
929 1708 1016 1745 feri.
1071 1714 1186 1745 tanta
1202 1714 1262 1745 est
1278 1713 1418 1744 natura

552 1804 563 1823 ¹
585 1805 620 1834 in
637 1804 710 1835 add.
728 1803 904 1835 Rackham.

551 1847 562 1865 ²
587 1846 759 1887 Mayhoff:
785 1846 914 1877 habent,
929 1851 1113 1887 praeterea.

291 1954 305 1968 ⁰
327 1950 398 1981 The
427 1949 487 1980 bee
519 1949 600 1989 kept
631 1949 676 1990 by
707 1949 766 1980 the
795 1947 921 1980 Greeks
950 1948 1019 1979 and
1056 1948 1208 1979 Romans
1238 1958 1307 1979 was
1337 1947 1420 1988 Apis

249 1993 430 2033 Ligustica,
450 1991 636 2023 somewhat
654 1991 789 2023 smaller
807 1992 892 2023 than
910 2001 972 2022 our
989 1990 1060 2022 bee.

250 2055 319 2102 438
