1482 2312
149 997 189 1028 83

148 1381 189 1410 84

411 123 576 161 PLINY
591 138 599 161 z
648 124 684 161 N
687 124 910 162 ATURAL
945 124 1179 162 HISTORY

215 240 337 263 annos
362 239 423 270 1x3
454 239 532 276 quo
556 229 596 262 in
620 232 802 275 tempore
825 229 856 263 si
880 225 1039 262 homine
1063 239 1105 262 se
1129 226 1380 271 abstinuerit,

214 293 359 327 reverti
377 290 428 327 ad
446 290 551 327 idem
570 295 757 340 stagnum
776 295 832 333 et,
849 303 939 326 cum
956 292 1190 333 tranaverit,
1208 291 1380 340 effigiem

213 357 402 403 recipere,
414 353 464 390 ad
475 356 684 403 pristinum
695 352 875 389 habitum
889 353 1024 390 addito
1037 366 1178 390 novem
1190 367 1381 391 annorum

214 421 336 462 senio,
354 418 465 455 addit
481 418 494 440 1
522 430 679 467 quoque
696 417 911 454 fabulosius
924 417 938 440 2
967 417 1136 454 eandem
1160 420 1380 467 reciperare

213 482 386 518 vestem!
440 484 583 518 mirum
639 486 699 517 est
745 494 823 530 quo
867 480 1058 530 procedat
1102 480 1256 518 Graeca
1298 494 1381 518 cre-

214 545 380 582 dulitas:
428 545 579 581 nullum
611 551 696 581 tam
729 544 924 594 inpudens
957 545 1208 581 mendacium
1242 551 1303 582 est
1335 551 1381 582 ut

213 614 319 645 teste
364 614 511 646 careat.
585 611 683 645 item
731 608 894 657 Apollas
909 608 924 631 3
973 611 1038 658 qui
1086 608 1380 659 Olympionicas

213 676 366 722 scripsit
387 678 522 709 narrat
544 673 840 709 Demaenetum
862 671 1113 709 Parrhasium
1132 675 1172 708 in
1193 673 1380 710 sacrificio

214 736 320 786 quod
340 736 516 773 Arcades
539 736 621 773 Iovi
644 735 802 786 Lycaeo
823 735 997 772 humana
1019 739 1230 773 etiamtum
1251 736 1380 775 hostia

212 799 428 844 faciebant,
454 800 646 837 immolati
672 803 784 850 pueri
812 806 907 836 exta
932 799 1166 850 degustasse
1192 806 1234 838 et
1259 804 1299 837 in
1323 801 1380 838 lu-

212 877 307 913 pum
332 877 373 900 se
399 867 653 908 convertisse,
674 863 846 901 eundem
865 876 888 900 x
915 877 1018 900 anno
1042 867 1273 902 restitutum
1292 864 1378 902 ath-

212 927 329 964 letice
348 942 389 966 se
412 931 633 965 exercuisse
654 931 692 964 in
710 928 893 978 pugilatu
908 930 1177 978 victoremque
1194 928 1379 980 Olympia

210 1005 421 1029 reversum.
478 995 572 1042 quin
602 998 643 1029 et
672 991 823 1028 caudae
853 991 967 1029 huius
998 992 1177 1029 animalis
1205 993 1380 1030 creditur

213 1055 329 1106 vulgo
350 1059 477 1093 inesse
499 1059 735 1093 amatorium
754 1059 856 1093 virus
878 1059 1022 1106 exiguo
1039 1059 1079 1093 in
1096 1051 1186 1093 villo
1208 1070 1379 1107 eumque

211 1133 299 1156 cum
344 1123 525 1169 capiatur
563 1120 664 1157 abici
697 1133 770 1157 nec
804 1120 910 1157 idem
942 1120 1092 1170 pollere
1125 1123 1198 1158 nisi
1231 1124 1378 1158 viventi

212 1183 434 1233 direptum3
470 1184 553 1221 dies
576 1184 717 1234 quibus
738 1190 856 1221 coeat
875 1190 963 1221 toto
985 1198 1088 1221 anno
1110 1198 1188 1222 non
1210 1185 1378 1235 amplius

211 1247 419 1285 duodecim
435 1260 443 1291 ;
474 1248 645 1285 eundem
660 1251 699 1284 in
713 1247 819 1285 fame
835 1251 937 1285 vesci
951 1254 1059 1285 terra
1072 1251 1177 1286 inter
1191 1252 1377 1299 auguria:

212 1312 261 1348 ad
284 1312 493 1348 dexteram
515 1315 824 1349 commeantium
846 1315 1022 1362 praeciso
1043 1315 1185 1350 itinere
1207 1315 1238 1350 si
1259 1313 1377 1362 pleno

209 1375 249 1412 id
266 1389 332 1412 ore
347 1375 501 1420 fecerit,
514 1376 665 1412 nullum
683 1379 858 1413 omnium
874 1380 1051 1414 ominum
1064 1377 1079 1400 4
1094 1380 1374 1427 praestantius.

211 1446 303 1477 sunt
334 1442 373 1476 in
404 1453 450 1477 eo
473 1453 621 1490 genere
651 1443 716 1490 qui·
745 1443 908 1477 cervarii
931 1447 1135 1485 vocantur,
1168 1441 1326 1491 qualem
1356 1455 1378 1479 e

214 1503 344 1540 Gallia
366 1507 405 1540 in
426 1503 589 1553 Pompei
620 1504 760 1554 Magni
780 1504 928 1541 harena
948 1511 1173 1554 spectatum
1193 1505 1375 1543 diximus.

211 1567 299 1604 huic
347 1571 524 1617 quamvis
570 1571 610 1604 in
656 1567 762 1605 fame
808 1569 1028 1613 mandenti,
1067 1572 1098 1606 si
1144 1572 1378 1619 respexerit,

215 1631 451 1668 oblivionem
503 1632 579 1668 cibi
639 1632 853 1682 subrepere
910 1636 1021 1670 aiunt
1077 1633 1376 1684 digressumque

211 1708 401 1744 quaerere
419 1696 536 1732 aliud.

266 1771 278 1789 ¹
303 1770 409 1801 Edd.:
433 1770 478 1801 id.
674 1771 686 1789 ²
708 1771 925 1803 Pellicerius:
950 1771 1086 1803 Fabius.

263 1812 275 1830 ³
298 1813 490 1844 Kallcmann
505 1826 512 1844 z
537 1813 672 1854 Acopas
690 1814 831 1854 (Scopas
848 1814 944 1854 ιῙαη).

265 1856 278 1874 ⁴
301 1855 489 1887 Rackham:
515 1855 645 1887 nullum
663 1856 838 1888 hominum
856 1859 902 1896 (n.
920 1857 1071 1888 ominum
1087 1862 1143 1890 aut
1159 1858 1310 1889 omnium
1319 1863 1375 1890 aut

203 1898 339 1929 omnino
357 1898 452 1938 edd.).

210 2030 231 2066 ὁ
509 1988 523 2003 ⁰
545 1984 616 2016 The
632 1984 723 2026 lynx.
896 1985 907 2004 ὃ
932 1985 991 2016 Soc
1007 1987 1021 2026 ἓ
1037 1987 1087 2018 70.

234 2041 255 2065 0
