1482 2312
376 109 543 146 PLINY
557 123 566 146 :
617 109 652 146 N
655 110 880 147 ATURAL
918 109 1153 148 HISTORY

176 215 296 256 intus‚
336 215 480 249 attritu
520 214 604 249 eius
643 225 796 249 sonare.
860 226 1030 256 muscas,
1069 226 1178 262 apes,
1217 219 1352 250 cetera

177 274 318 311 similia
350 287 440 310 cum
474 273 608 310 volatu
642 279 684 310 et
717 276 891 323 incipere
924 274 1048 311 audiri
1083 280 1125 311 et
1157 274 1353 318 desinere,

177 349 317 372 sonum
349 338 454 372 enim
486 337 628 372 attritu
662 341 703 372 et
734 338 923 372 interiore
955 348 1066 380 aura,
1097 349 1176 373 non
1207 339 1353 380 anima,

178 397 311 440 reddi3
344 396 515 434 locustas
534 399 745 446 pinnarum
765 402 806 433 et
824 396 1019 433 feminum
1037 400 1181 434 attritu
1199 411 1350 435 sonare.

93 464 156 493 267
177 459 351 496 creditur
373 472 469 495 sane
492 461 589 495 item
613 458 848 508 aquatilium
872 461 1051 508 pectines
1073 459 1242 496 stridere
1263 473 1352 496 cum

179 520 326 564 volant,
344 520 478 557 mollia
496 527 537 557 et
555 527 688 557 crusta
706 523 858 557 intecta
876 533 949 557 nec
967 534 1104 558 vocem
1122 534 1196 558 nec
1213 535 1354 558 sonum

178 581 300 618 ullum
326 582 488 619 habere.
542 582 613 619 sed
640 585 764 619 ceteri
792 584 932 631 pisces,
960 585 1140 632 quamvis
1166 583 1354 633 pulmone

179 651 219 681 et
240 647 386 681 arteria
403 650 582 688 careant,
599 657 678 680 non
695 647 735 680 in
751 650 883 681 totum
901 647 985 681 sine
1002 644 1083 681 ullo
1099 658 1195 682 sono
1211 651 1355 682 sunt—

177 707 386 743 stridorem
435 719 527 742 eum
580 706 767 743 dentibus
816 706 900 743 fieri
946 705 1277 744 cavillantur—et
1323 710 1354 744 is

178 771 244 818 qui
264 768 383 818 aper1
407 774 570 805 vocatur
583 770 621 804 in
641 767 818 805 Acheloo
835 781 952 805 amne
968 770 1201 818 grunnitum
1217 768 1354 812 habet,

178 837 219 867 et
249 831 315 867 alii
344 830 395 867 de
425 830 567 880 quibus
597 830 780 867 diximus.
835 843 909 866 ova
937 831 1185 879 parientibus
1205 830 1355 874 sibilus,

178 893 429 942 serpentibus
466 892 620 942 longus,
656 891 957 929 testudinibus2
992 892 1197 941 abruptus.
1252 895 1354 930 ranis

179 957 235 991 sui
272 956 430 1003 generis
464 954 571 997 vox,3
607 960 651 990 ut
682 954 834 991 dictum
868 956 1053 991 est—nisi
1087 956 1118 991 si
1151 960 1193 991 et
1226 957 1265 991 in
1296 954 1355 991 his

179 1015 344 1053 ferenda
377 1016 577 1053 dubitatio
611 1022 686 1059 est,
720 1018 812 1066 quia
845 1029 920 1053 vox
953 1019 992 1052 in
1024 1029 1091 1053 ore
1123 1019 1354 1066 concipitur,

178 1090 256 1114 non
293 1081 332 1114 in
370 1084 545 1127 pectore.
602 1077 772 1114 multum
808 1083 946 1114 tamen
983 1080 1023 1114 in
1059 1077 1117 1114 his
1154 1078 1277 1115 refert
1314 1084 1355 1115 et

178 1139 352 1176 locorum
389 1145 555 1176 natura:
606 1145 742 1176 mutae
778 1142 817 1176 in
855 1139 1094 1177 Macedonia
1129 1140 1355 1184 traduntur,

94 1206 156 1237 268
175 1204 275 1238 muti
310 1208 351 1238 et
383 1206 480 1252 apri.
536 1204 667 1238 avium
699 1201 944 1252 loquaciores
977 1215 1080 1252 quae
1111 1205 1281 1240 minores
1314 1209 1355 1240 et

178 1266 280 1300 circa
299 1267 425 1301 coitus
444 1277 645 1300 maxume.
700 1264 785 1300 aliis
804 1267 843 1300 in
861 1277 996 1314 pugna
1015 1277 1104 1308 VOX,
1122 1270 1167 1301 ut
1184 1267 1354 1301 coturni-

178 1326 300 1370 cibus,
335 1325 419 1363 aliis
452 1332 547 1363 ante
580 1339 771 1376 pugnam,
803 1332 848 1363 ut
880 1326 1118 1376 perdicibus,
1150 1326 1234 1363 aliis
1265 1340 1354 1363 cum

179 1389 320 1431 vicere,
363 1394 408 1424 ut
449 1388 690 1438 gallinaceis.
748 1388 886 1425 iisdem
929 1402 1000 1425 sua
1041 1389 1229 1432 maribus,
1271 1388 1354 1426 aliis

179 1449 320 1486 eadem
347 1456 387 1486 et
412 1450 582 1493 feminis,
608 1456 651 1486 ut
676 1450 928 1487 lusciniarum
951 1453 1101 1501 generi.
1158 1451 1353 1500 quaedam

179 1517 265 1548 toto
299 1525 402 1548 anno
435 1518 599 1556 canunt,
634 1512 833 1562 quaedam
866 1515 983 1549 certis
1015 1513 1277 1562 temporibus,
1311 1519 1353 1549 ut

93 1577 155 1608 :269
176 1575 215 1609 in
252 1573 415 1624 singulis
453 1574 604 1611 dictum
644 1580 715 1611 est.
773 1573 962 1624 elephans
999 1577 1097 1611 citra
1134 1588 1249 1612 nares
1287 1588 1353 1612 ore

178 1637 262 1685 ipso
295 1642 572 1673 sternumento
605 1637 773 1673 similem
807 1636 918 1673 elidit
951 1649 1105 1680 sonum,
1137 1650 1208 1685 per
1240 1650 1354 1674 nares

342 1731 352 1749 ¹
375 1730 541 1761 Raclslmm
558 1741 595 1761 tx
610 1732 668 1761 Ar.
689 1731 776 1761 lli-st.
796 1731 862 1761 An..
882 1732 945 1762 535
958 1730 977 1761 b
998 1732 1055 1761 18:
1083 1740 1190 1770 caper.

342 1774 354 1791 ²
376 1773 565 1804 Racldzam:
591 1773 764 1804 testudini.

338 1816 349 1833 ³
373 1826 440 1846 vox
457 1816 521 1846 add
535 1816 550 1845 ?
568 1816 726 1855 Jlaylmff.

330 1922 343 1935 ¹³
369 1919 518 1960 Perhaps
536 1929 599 1950 one
617 1919 652 1950 of
669 1919 735 1992 th}
738 1919 906 1992 Iblzinr21ies.
1033 1917 1045 1937 ⁶
1066 1918 1131 1950 IX.
1144 1920 1195 1951 70.

668 1966 679 1979 ⁶
758 1985 766 1992 .
807 1963 824 1992 7
852 1985 857 1990 .

173 2024 244 2059 600
