1482 2312
440 134 627 171 PLINY:
680 133 940 171 NATURAL
977 131 1210 170 HISTORY

242 236 363 274 binal
390 239 494 286 parit
521 239 561 272 in
581 235 758 285 leporina
777 235 883 285 pelle
902 247 1060 284 semper
1084 237 1125 270 in
1143 233 1412 270 cacuminibus

175 314 217 343 98
241 320 440 343 ramorum
468 319 671 355 suspensa.
726 307 837 355 picae
857 317 947 341 cum
968 303 1197 353 diligentius
1217 305 1343 339 visum
1362 302 1412 338 ab

242 376 400 412 homine
433 376 569 412 nidum
601 387 775 418 sensere,
806 387 880 410 ova
909 378 1168 423 transgerunt
1199 372 1287 408 alio.
1339 371 1413 408 hoe

242 449 281 482 in
312 445 371 482 his
401 446 537 481 avibus
569 457 736 494 quarum
766 443 881 494 digiti
911 456 990 479 non
1019 445 1098 479 sint
1127 440 1413 479 accommodati

242 515 554 564 complectendis
590 513 957 562 transferendisque
993 514 1074 549 ovis
1110 514 1209 548 miro
1242 510 1415 547 traditur

244 584 383 621 modo:
424 597 598 633 namque
625 582 781 620 surculo
808 595 927 631 super
953 582 1047 618 bina
1073 594 1146 618 ova
1172 582 1343 630 inposito
1369 593 1414 617 ac

244 653 505 690 ferruminato
553 653 629 688 alvi
676 652 832 702 glutino
879 651 1040 688 subdita
1086 652 1237 687 cervice
1284 648 1415 686 medio

244 736 374 773 aequa
397 725 598 772 utrimque
621 721 721 758 libra
744 721 960 770 deportant
983 720 1072 756 alio.

177 799 219 829 99
297 792 363 829 LI.
395 791 477 828 Nec
500 805 593 828 vero
615 793 660 827 iis
684 793 811 827 minor
833 789 1010 827 sollertia
1033 801 1135 839 quae
1158 787 1355 825 cunabula
1376 790 1417 824 in

244 867 353 898 terra
382 860 535 898 faciunt
564 863 736 910 corporis
765 862 966 910 gravitate
995 857 1220 908 prohibitae
1249 857 1416 895 sublime

245 936 398 981 petere.
453 943 610 979 merops
638 935 801 966 vocatur
832 931 1034 979 genitores
1071 941 1161 964 suos
1193 926 1417 964 reconditos

246 1013 426 1050 pascens,
466 999 615 1050 pallido
656 1002 762 1035 intus
803 998 933 1035 colore
973 1011 1208 1047 pennarum,
1247 1009 1417 1046 superne

245 1083 412 1121 cyaneo,
438 1072 568 1119 priore
595 1066 741 1119 parte2
768 1067 975 1105 subrutilo.
1028 1067 1205 1104 nidificat
1231 1068 1272 1102 in
1298 1079 1418 1116 specu

247 1153 317 1177 sex
341 1139 490 1189 pedum
514 1138 672 1176 defossa
696 1137 922 1175 altitudine.

167 1215 227 1246 100
297 1209 481 1246 Perdices
499 1211 612 1257 spina
630 1213 671 1244 et
688 1207 832 1244 frutice
849 1209 903 1244 sic
920 1209 1105 1243 muniunt
1122 1205 1418 1255 receptaculum

249 1284 293 1316 ut
324 1284 463 1315 contra
493 1277 598 1314 feras
630 1277 789 1314 abunde
820 1276 1040 1319 vallentur;
1085 1278 1166 1312 ovis
1198 1274 1418 1325 stragulum

249 1348 367 1385 molle
386 1348 549 1398 pulvere
568 1347 861 1390 contumulant,
881 1359 954 1383 nec
973 1348 1014 1382 in
1034 1358 1112 1395 quo
1126 1345 1211 1382 loco
1226 1357 1419 1394 peperere

248 1418 462 1461 incubant3
506 1430 557 1454 ne
587 1419 649 1453 cui
680 1416 929 1466 frequentior
957 1417 1204 1452 conversatio
1235 1419 1419 1464 suspecta

249 1490 314 1531 sit,
340 1486 589 1524 transferunt
617 1486 706 1523 alio.
757 1485 850 1522 illae
879 1484 1041 1535 quidem
1070 1489 1112 1521 et
1140 1486 1302 1520 maritos
1330 1496 1420 1520 suos

248 1557 408 1600 fallunt,
447 1558 634 1606 quoniam
671 1558 984 1604 intemperantia
1020 1553 1192 1590 libidinis
1230 1552 1418 1603 frangunt

250 1640 387 1664 earum
412 1639 485 1662 ova
509 1639 559 1662 ne
584 1624 808 1662 incubando
833 1624 1106 1667 detineantur,
1129 1628 1225 1660 tunc
1249 1625 1355 1660 inter
1377 1636 1419 1660 se

251 1697 441 1733 dimicant
465 1709 593 1732 mares
618 1694 814 1732 desiderio
838 1693 1098 1737 feminarum3
1136 1695 1285 1730 victum
1308 1694 1420 1729 aiunt

171 1772 226 1803 101
249 1779 435 1803 venerem
464 1768 560 1815 pati.
615 1765 655 1801 id
684 1763 846 1814 quidem
876 1769 918 1800 et
946 1765 1169 1801 coturnices
1197 1762 1349 1813 Trogus
1379 1768 1420 1799 et

250 1835 490 1886 gallinaceos
514 1833 741 1883 aliquando,
765 1833 944 1883 perdices
969 1845 1062 1870 vero
1087 1845 1110 1869 a
1134 1831 1293 1869 domitis
1316 1831 1421 1869 feros

554 1953 565 1971 ¹
586 1953 786 1991 Dalecamp:
814 1952 920 1982 binos.

551 1994 564 2013 ²
589 1994 743 2035 Mayhoff
755 2005 792 2026 ea:
808 1994 978 2025 Aristotele
994 2005 1000 2023 :
1026 1993 1140 2034 priori.

253 2072 322 2108 354
