1482 2312
465 140 630 177 PLINY
644 155 652 178 :
704 141 966 178 NATURAL
1003 140 1239 177 HISTORY

267 250 329 281 est
356 247 395 280 in
423 244 605 281 fraudem
634 257 770 281 earum
797 243 1035 294 gallinaceos
1064 256 1222 293 quoque
1250 243 1436 293 pascendi

265 313 367 351 lacte
385 314 553 351 madidis
569 314 665 350 cibis
679 326 687 349 :
732 313 858 349 multo
874 315 931 349 ita
945 315 1138 363 gratiores
1154 313 1435 363 adprobantur.

267 383 439 420 feminae
471 383 631 433 quidem
662 383 712 419 ad
742 385 920 432 saginam
949 395 1028 419 non
1057 395 1193 419 omnes
1223 382 1436 432 eliguntur,

266 467 340 490 nec
370 455 441 489 nisi
472 455 512 489 in
542 455 694 488 cemice
724 454 860 502 pingui
891 457 995 488 cute.
1050 457 1191 502 postea
1220 451 1437 488 culinarum

267 528 387 566 artes,
408 528 452 559 ut
472 522 607 559 clunes
628 527 874 572 spectentur,
895 527 939 558 ut
960 521 1186 558 dividantur
1205 523 1246 557 in
1264 526 1437 571 tergora,

266 598 310 629 ut
325 605 347 628 a
359 592 462 642 pede
480 605 558 628 uno
574 591 766 628 dilatatae
788 593 1020 640 repositoria
1036 596 1243 641 occupent.
1290 590 1436 628 dedere

266 667 307 698 et
349 660 484 697 Parthi
526 663 628 697 cocis
669 674 758 697 suos
798 673 940 697 mores.
995 673 1068 697 nec
1108 666 1245 696 tamen
1284 662 1325 696 in
1364 659 1438 697 hoc

266 733 480 781 mangonio
530 733 743 780 quicquam
792 735 923 767 totum
972 729 1119 780 placet,
1167 729 1297 774 clune,
1346 729 1437 766 alibi

265 806 426 850 pectore
452 806 611 837 tantum
636 799 819 837 laudatis.

184 876 241 906 141
319 870 486 906 LXXII.
517 871 675 906 Aviaria
702 872 851 919 primus
879 871 1053 905 instituit
1080 868 1237 905 inclusis
1264 871 1439 906 omnium

265 952 458 989 generum
474 941 610 976 avibus
628 939 685 975 M.
704 939 876 976 Laenius
891 938 1033 975 Strabo
1047 937 1229 975 Brundisi
1245 941 1439 988 equestris

266 1009 423 1045 ordinis.
481 1022 529 1045 ex
559 1022 606 1045 eo
634 1011 835 1059 coepimus
862 1021 1019 1045 carcere
1048 1007 1232 1044 animalia
1258 1021 1438 1045 coercere

267 1079 409 1128 quibus
429 1091 561 1115 rerum
583 1084 726 1114 natura
746 1077 900 1114 caelum
921 1077 1211 1127 adsignaverat.
1266 1080 1438 1114 maxime

265 1153 402 1184 tamen
430 1149 593 1196 insignis
623 1153 683 1183 est
712 1149 752 1182 in
786 1146 859 1182 hac
893 1148 1085 1183 memoria
1119 1145 1244 1183 Clodii
1278 1147 1438 1197 Aesopi,

265 1219 406 1267 tragici
428 1216 642 1260 histrionis,
665 1218 803 1266 patina
828 1215 893 1252 HS
915 1228 934 1251 c
954 1221 1107 1259 taxata,
1133 1217 1173 1251 in
1203 1229 1281 1265 qua
1308 1218 1438 1266 posuit

266 1299 357 1322 aves
381 1292 502 1322 cantu
527 1284 658 1334 aliquo
683 1290 751 1320 aut
776 1283 950 1320 humano
974 1297 1155 1322 sermone
1180 1284 1348 1329 vocales,
1372 1285 1438 1322 HS

182 1363 244 1394 142
266 1351 303 1394 ἦ
331 1357 506 1408 singulas
536 1362 755 1406 coemptaS,
786 1356 892 1392 nulla
921 1355 997 1392 alia
1023 1357 1207 1394 inductus
1241 1360 1439 1394 suavitate

266 1429 338 1464 nisi
377 1433 421 1463 ut
460 1429 499 1463 in
538 1429 583 1462 iis
621 1428 886 1462 imitationem
924 1424 1091 1462 hominis
1129 1426 1352 1471 manderet,
1389 1440 1438 1464 ne

266 1503 456 1546 quaestus
480 1496 642 1546 quidem
666 1509 755 1532 suos
781 1498 973 1532 reveritus
997 1495 1080 1532 illos
1105 1498 1255 1546 opimos
1279 1502 1321 1533 et
1344 1510 1438 1534 voce

266 1569 442 1610 meritos,
463 1565 605 1615 dignus
625 1578 782 1616 prorsus
803 1564 881 1601 filio
901 1578 924 1600 a
943 1578 1020 1614 quo
1040 1565 1249 1602 devoratas
1268 1566 1439 1603 diximus

265 1638 517 1686 margaritas,
545 1649 624 1671 non
651 1637 705 1671 sic
732 1641 870 1671 tamen
897 1640 942 1671 ut
969 1647 1106 1671 verum
1133 1634 1263 1672 facere
1291 1635 1438 1672 velim1

266 1707 370 1741 inter
399 1705 497 1742 duos
527 1705 715 1741 iudicium
745 1704 1016 1754 turpitudinis,
1045 1705 1148 1741 nisi2
1178 1705 1284 1754 quod
1311 1707 1439 1742 minus

267 1780 328 1811 est
363 1788 536 1811 summas
572 1787 704 1811 rerum
740 1780 907 1810 naturae
943 1787 1037 1824 opes
1074 1787 1193 1823 quam
1236 1773 1439 1811 hominum

265 1843 419 1894 linguas
444 1857 617 1881 cenasse.

489 1930 501 1948 ¹
525 1929 628 1961 velim
645 1930 810 1961 Mueller:
835 1930 880 1961 vi.
1041 1929 1053 1947 ²
1078 1929 1169 1962 edd:
1194 1931 1233 1961 si.

763 2019 776 2034 ⁰
801 2015 852 2046 IX
874 2017 943 2047 122.

265 2063 333 2109 382
