1482 2312
156 385 217 415 185

157 752 218 783 186

157 1367 217 1397 187

159 1797 219 1827 188

436 154 625 192 PLINY:
676 155 938 192 NATURAL
972 154 1208 192 HISTORY

237 258 358 294 naml
413 257 572 307 plures2
619 263 757 294 contra
802 262 986 294 naturam
1032 256 1293 307 solidipedum
1341 263 1411 294 aut

240 318 490 355 bisulcorum.

292 379 489 416 LXXXV.
520 379 646 429 Super
660 385 803 416 cuncta
818 384 880 416 est
893 381 1065 416 murium
1079 379 1200 424 fetus,
1216 378 1313 416 haut
1327 381 1411 416 sine

237 443 491 477 cunctatione
509 440 714 485 dicendus,
732 454 974 490 quamquam
991 441 1064 477 sub
1081 446 1242 477 auctore
1260 441 1412 477 Aristo-

238 501 318 538 tele
335 508 377 538 et
394 502 611 538 Alexandri
634 501 773 552 Magni
795 502 998 538 militibus.
1053 504 1260 553 generatio
1276 514 1411 538 eorum

237 562 450 600 lambendo
495 569 691 607 constare,
736 577 814 600 non
860 566 981 607 coitu,
1026 563 1182 600 dicitur.
1237 576 1287 600 ex
1334 576 1412 599 una

237 627 394 674 genitos
432 637 503 661 cxx
540 624 807 666 tradiderunt‚
834 624 939 674 apud
975 622 1113 661 Persas
1153 637 1245 661 vero
1271 637 1412 674 praeg-

238 691 380 722 nantes
398 688 439 721 in
457 692 596 722 ventre
615 688 792 735 parentis
808 685 823 708 3
843 691 1045 735 repertas3
1078 691 1121 722 et
1139 685 1228 722 salis
1247 690 1412 736 gustatu

241 746 325 783 fieri
350 752 619 797 praegnantes
649 749 872 797 opinantur.
927 749 1065 797 itaque
1095 746 1240 783 desinit
1269 749 1411 783 mirum

239 821 324 845 esse
346 808 451 845 unde
473 810 529 845 vis
550 814 665 845 tanta
686 822 833 845 messes
854 808 1067 858 populetur
1088 810 1259 845 murium
1279 821 1411 858 agres-

237 872 361 913 tium3
403 871 442 906 in
471 870 613 920 quibus
640 869 737 906 illud
766 883 923 920 quoque
953 869 1081 906 adhuc
1109 869 1210 907 latet
1239 883 1411 920 quonam

239 931 357 968 modo
398 931 463 967 illa
505 931 720 968 multitudo
762 937 929 981 repente
972 931 1149 968 occidat:
1206 944 1298 968 nam
1340 944 1412 968 nec

240 995 443 1029 exanimes
463 995 716 1042 reperiuntur
735 1006 866 1042 neque
887 998 1002 1029 extat
1022 995 1088 1043 qui
1107 1006 1262 1030 murem
1281 991 1412 1030 hieme

239 1056 279 1090 in
300 1067 394 1104 agro
415 1054 608 1091 effoderit.
664 1054 820 1104 plurimi
840 1056 898 1090 ita
918 1053 969 1091 ad
987 1054 1143 1091 Troada
1162 1056 1413 1104 proveniunt,

239 1121 281 1152 et
314 1118 392 1151 iam
422 1115 513 1152 inde
543 1115 783 1166 fugaverunt
812 1115 970 1152 incolas.
1027 1121 1242 1165 proventus
1277 1128 1412 1152 eorum

240 1177 496 1213 siccitatibus.
552 1177 717 1214 tradunt
746 1180 867 1213 etiam
897 1177 1061 1214 obituris
1089 1176 1346 1214 vermiculum
1373 1179 1413 1213 in

239 1241 370 1288 capite
401 1241 523 1289 gigni.
580 1240 792 1289 Aegyptiis
823 1239 999 1275 muribus
1030 1238 1150 1275 durus
1180 1238 1282 1288 pilus
1312 1240 1414 1275 sicut

240 1302 429 1337 irenaceis
443 1312 452 1343 ;
481 1299 587 1336 idem
602 1300 767 1350 bipedes
783 1299 989 1337 ambulant
1004 1313 1078 1337 ceu
1092 1299 1225 1350 Alpini
1241 1313 1411 1350 quoque.

241 1361 393 1397 —Cum
423 1361 565 1398 diversi
594 1364 752 1412 generis
781 1363 909 1398 coiere
939 1361 1137 1406 animalia,
1166 1363 1224 1398 ita
1252 1361 1413 1398 demum

239 1428 435 1472 generant
463 1425 494 1459 si
523 1428 684 1473 tempus
712 1422 900 1459 nascendi
928 1436 1000 1473 par
1026 1422 1413 1469 habent.——Quadri-

240 1484 388 1534 pedum
409 1497 482 1520 ova
502 1486 754 1534 gignentium
774 1484 942 1521 lacertas
963 1497 1030 1521 ore
1051 1497 1204 1534 parere,
1225 1490 1270 1521 ut
1290 1484 1413 1521 credi-

240 1551 306 1581 tur
360 1545 489 1596 vulgo,
544 1545 780 1582 Aristoteles
835 1551 969 1596 negat.
1037 1559 1167 1595 neque
1224 1546 1413 1582 incubant

241 1607 421 1651 eaedem,
453 1607 600 1644 oblitae
632 1621 710 1657 quo
741 1609 820 1644 sint
850 1609 891 1643 in
921 1607 1006 1644 loco
1040 1610 1195 1651 enixae,
1227 1609 1413 1657 quoniam

242 1667 330 1705 huic
362 1668 519 1705 animali
552 1668 660 1705 nulla
691 1670 904 1712 memoria3
949 1671 1085 1718 itaque
1118 1682 1189 1718 per
1220 1681 1261 1706 se
1293 1668 1411 1705 catuli

242 1736 467 1780 erumpunt.

295 1791 514 1828 LXXXVI.
544 1793 731 1841 Anguem
771 1805 820 1828 ex
859 1791 1033 1828 medulla
1071 1790 1238 1828 hominis
1276 1794 1412 1841 spinae

307 1878 319 1896 1
342 1877 498 1918 Mayhoff
509 1890 516 1909 ε
541 1878 635 1908 item.
804 1877 816 1895 ²
837 1877 919 1908 item
937 1887 1049 1908 mures
1064 1877 1236 1918 Dellefsen.

305 1920 317 1939 ³
340 1920 536 1951 Hermolaus
551 1919 718 1951 Barbarus
733 1932 740 1951 :
765 1920 800 1950 in
816 1920 1035 1960 praegnantis
1051 1923 1170 1950 ventre
1185 1919 1360 1960 parientis.

373 2026 386 2040 '²
408 2022 488 2053 This
507 2027 662 2053 sentence
679 2032 823 2063 appears
840 2026 876 2053 to
894 2022 936 2053 be
952 2025 1013 2053 out
1029 2022 1065 2053 of
1081 2021 1175 2062 place
1192 2021 1277 2053 here.

239 2088 310 2119 410
