1482 2312
194 513 231 544 13

193 1026 230 1056 14

192 1475 229 1506 15

458 148 623 186 PLINY
637 163 646 186 ι
696 149 731 185 N
734 149 957 186 ATURAL
992 149 1226 188 HISTORY

258 251 533 289 inaedificatur
564 251 655 288 nido
686 251 783 300 lapis
810 254 955 289 aetites
983 253 1118 302 (quem
1144 252 1262 303 aliqui
1290 253 1427 291 dixere

257 319 423 366 gagiten
436 315 468 365 1)
490 315 539 352 ad
564 315 689 352 multa
716 316 892 352 remedia
911 316 1032 360 utilis,
1051 316 1146 353 nihil
1173 319 1264 367 igne
1287 317 1426 367 deper-

257 380 366 418 dens.
425 386 485 416 est
523 386 659 416 autem
691 379 790 429 lapis
824 382 899 417 iste
938 393 1161 431 praegnans
1198 383 1304 418 intus
1337 381 1427 426 alio,

257 457 347 480 cum
377 446 532 494 quatias
563 443 671 480 velut
701 446 740 479 in
768 443 913 480 urceo2
937 450 1116 482 sonante.
1178 445 1248 482 sed
1277 447 1332 482 vis
1359 445 1427 481 illa

258 508 412 544 medica
440 521 518 544 non
540 510 610 544 nisi
638 507 729 544 nido
756 507 942 557 dereptis.
1001 508 1204 546 nidificant
1234 511 1273 545 in
1302 512 1425 559 petris

258 578 299 608 et
320 572 536 615 arboribus,
557 575 715 621 pariunt
741 578 782 609 et
812 585 883 608 ova
912 578 1042 616 terna,
1063 573 1280 610 excludunt
1301 573 1426 623 pullos

257 636 382 679 binos,
401 639 469 672 visi
487 642 577 672 sunt
596 642 637 672 et
654 642 735 672 tres
752 636 977 686 aliquando.
1032 637 1203 674 alterum
1221 637 1427 686 expellunt

256 700 390 737 taedio
425 700 646 737 nutriendi:
695 703 842 750 quippe
876 714 922 737 eo
955 706 1137 750 tempore
1171 704 1262 750 ipsis
1294 701 1427 738 cibum

256 767 418 814 negavit
437 770 580 801 natura
603 767 843 813 prospiciens
864 778 914 801 ne
935 768 1111 801 omnium
1130 765 1302 802 ferarum
1320 765 1426 802 fetus

256 834 513 877 raperentur3
577 841 729 878 ungues
780 842 938 878 quoque
989 842 1125 866 earum
1176 832 1428 866 invertuntur

256 892 396 929 diebus
418 895 476 935 iis,
497 892 704 929 albescunt
727 892 858 929 inedia
879 896 1038 942 pinnae,
1061 899 1105 930 ut
1127 896 1270 931 merito
1290 900 1428 944 partus

256 970 345 993 suos
377 956 544 993 oderint.
600 956 669 993 sed
703 960 849 993 eiectos
882 958 932 993 ab
964 956 1022 994 his
1054 964 1269 1008 cognatum
1301 971 1427 1009 genus

256 1020 433 1071 ossifragi
477 1024 679 1070 excipiunt
721 1027 762 1058 et
803 1021 975 1058 educant
1015 1035 1105 1058 cum
1145 1025 1234 1059 suis.
1291 1036 1427 1060 verum

256 1084 411 1122 adultos
442 1098 599 1135 quoque
629 1088 880 1135 persequitur
908 1099 1050 1135 parens
1081 1092 1120 1122 et
1152 1086 1267 1136 longe
1299 1086 1427 1137 fugat,

256 1149 431 1186 aemulos
473 1149 622 1186 scilicet
664 1152 838 1198 rapinae.
894 1156 935 1187 et
978 1150 1151 1200 alioquin
1194 1164 1316 1187 unum
1358 1164 1430 1201 par

256 1213 475 1263 aquilarum
495 1227 640 1264 magno
659 1213 710 1250 ad
729 1214 999 1263 populandum
1018 1220 1164 1258 tractu,
1185 1221 1227 1252 ut
1246 1218 1428 1259 satietur,

255 1277 431 1327 indiget;
475 1278 746 1315 determinant
778 1291 872 1328 ergo
902 1281 1046 1328 spatia,
1077 1292 1149 1316 nec
1180 1282 1219 1315 in
1250 1282 1428 1329 proximo

255 1342 510 1391 praedantur.
566 1348 681 1391 rapta
710 1355 788 1378 non
817 1346 996 1392 protinus
1026 1342 1174 1386 ferunt,
1204 1343 1273 1380 sed
1303 1347 1428 1393 primo

255 1406 474 1456 deponunt,
491 1413 762 1456 expertaeque
777 1406 930 1456 pondus
944 1413 1039 1444 tunc
1053 1407 1214 1444 demum
1223 1407 1428 1445 avehunt.3

256 1476 453 1520 oppetunt
487 1484 564 1507 non
599 1474 707 1507 senio
742 1484 814 1507 nec
849 1471 1099 1521 aegritudine
1133 1472 1203 1508 sed
1237 1472 1356 1516 fame,
1389 1476 1427 1509 in

254 1540 414 1571 tantum
450 1538 651 1584 superiore
687 1535 945 1572 adcrescente
981 1542 1106 1573 rostro
1142 1543 1185 1573 ut
1222 1536 1427 1574 aduncitas

256 1601 396 1647 aperiri
438 1612 516 1636 non
558 1605 692 1649 queat.
749 1613 771 1635 a
812 1599 1030 1636 meridiano
1071 1606 1206 1636 autem
1247 1607 1427 1650 tempore

255 1669 470 1712 operantur
513 1669 553 1700 et
596 1663 745 1706 volant,
789 1664 981 1713 prioribus
1024 1663 1126 1700 horis
1168 1664 1260 1708 diei,
1302 1665 1427 1702 donec

346 1781 358 1800 ¹
390 1781 462 1813 VJI.
478 1787 637 1822 gagyten,
654 1786 811 1822 gagatem.
994 1782 1004 1799 ²
1032 1782 1193 1814 Mueller:
1217 1787 1324 1814 utero.

618 1825 631 1842 ³
657 1824 859 1855 Pintianns:
886 1825 1023 1855 abeunt.

718 2001 733 2016 ⁰
754 1997 816 2030 See
833 1999 848 2038 ξ
865 1999 900 2029 ll
921 2009 952 2030 n.

251 2071 321 2108 300
