1482 2312
129 1245 169 1275 98

127 1628 168 1658 99

385 114 573 153 PLINY:
624 116 885 154 NATURAL
921 114 1157 153 HISTORY

192 218 334 255 obesus
367 221 451 255 exit
483 222 522 254 in
553 219 646 255 litus
678 222 848 255 recentis
881 218 1145 254 harundinum
1176 230 1359 254 caesuras

193 282 442 331 speculatum
482 289 604 331 atque
644 282 709 318 ubi
751 285 1018 318 acutissimam
1059 281 1156 318 vidit
1195 284 1360 330 stirpem

193 348 406 394 inprimens
429 359 569 395 corpus
592 359 733 382 venam
757 346 958 395 quandam
981 348 1021 381 in
1043 358 1155 382 crure
1178 344 1360 381 vulnerat

193 415 315 459 atque
338 412 395 446 ita
418 409 608 459 profluvio
631 412 832 459 sanguinis
856 409 1078 446 morbidum
1101 409 1199 446 alias
1220 421 1360 458 corpus

193 479 386 510 exonerat
407 480 447 510 et
468 473 629 523 plagam
649 473 742 510 limo
763 487 893 510 rursus
913 473 1086 509 obducit.

241 536 347 573 XLI.
377 536 510 574 Simile
525 537 713 587 quiddam
727 543 768 574 et
781 537 947 574 volucris
960 541 1000 573 in
1016 537 1158 574 eadem
1171 537 1360 586 Aegypto

192 604 426 637 monstravit
454 614 556 650 quae
585 607 748 638 vocatur
775 601 862 645 ibis,
890 604 1002 638 rostri
1032 601 1264 638 aduncitate
1290 613 1361 650 per

192 677 280 700 eam
314 671 470 713 partem
500 678 542 702 se
572 665 756 714 perluens
787 678 865 715 qua
895 665 1005 702 reddi
1035 665 1211 701 ciborum
1241 677 1361 701 onera

191 732 363 765 maxime
411 729 568 766 salubre
612 735 683 766 est.
739 742 812 766 nec
847 728 946 766 haec
982 729 1086 766 sola:
1137 729 1190 766 al
1226 728 1361 765 multis

193 792 430 829 animalibus
473 799 634 842 reperta
675 799 767 830 sunt
810 796 895 830 usui
939 793 1074 829 futura
1116 798 1158 830 et
1199 792 1359 829 homini.

191 856 436 893 dictamnum
465 856 630 893 herbam
659 856 914 894 extrahendis
941 860 1098 907 sagittis
1124 859 1227 894 cervi
1252 869 1362 894 mon-

191 926 368 957 stravere
384 924 557 970 percussi
575 934 622 957 eo
636 921 720 958 telo
735 928 933 970 pastuque
949 920 1097 958 herbae
1113 924 1196 958 eius
1212 923 1361 964 eiecto3

191 983 311 1020 iidem
333 988 506 1034 percussi
537 998 559 1021 a
587 984 817 1035 phalangio,
847 985 952 1035 quod
981 991 1040 1022 est
1069 988 1204 1022 aranei
1222 998 1361 1035 genus,

192 1054 261 1084 aut
301 1048 434 1098 aliquo
474 1049 590 1086 simili
629 1062 790 1086 cancros
831 1049 985 1086 edendo
1025 1049 1096 1086 sibi
1136 1049 1359 1086 medentur.

192 1118 251 1148 est
275 1118 316 1149 et
338 1112 388 1149 ad
410 1116 655 1162 serpentium
677 1116 778 1150 ictus
801 1117 1013 1162 praecipua
1035 1112 1191 1157 herba‚2
1213 1126 1291 1163 qua
1318 1126 1361 1150 se

191 1175 330 1212 lacerti
347 1179 530 1226 quotiens
546 1190 635 1214 cum
651 1176 710 1214 his
725 1191 959 1214 conseruere
975 1191 1151 1228 pugnam
1166 1177 1360 1214 minerati

189 1239 382 1277 refovent.
438 1240 702 1278 chelidoniam
714 1244 811 1278 visui
822 1241 1122 1278 saluberrimam
1132 1240 1360 1279 hirundines

190 1310 461 1341 monstravere
490 1308 644 1342 vexatis
671 1305 869 1355 pullorum
897 1306 1018 1342 oculis
1043 1306 1111 1342 illa
1138 1305 1359 1343 medentes.

191 1368 354 1405 testudo
384 1369 539 1406 cunilae
570 1383 689 1419 quam
719 1370 911 1406 bubulam
942 1375 1084 1407 vocant
1113 1375 1230 1419 pastu
1261 1373 1360 1406 vires

189 1438 327 1468 contra
356 1439 562 1482 serpentes
593 1433 760 1477 refovet,
788 1434 976 1471 mustella
1004 1440 1094 1471 ruta
1122 1437 1162 1470 in
1190 1437 1360 1471 murium

191 1502 340 1532 venatu
372 1510 462 1533 cum
494 1499 539 1534 iis
571 1497 826 1534 dimicatione
858 1504 1053 1535 conserta.
1107 1501 1256 1535 ciconia
1287 1501 1360 1535 ori-

189 1573 307 1609 gano,
325 1559 474 1597 hedera
493 1564 577 1610 apri
595 1564 635 1597 in
653 1562 798 1598 morbis
817 1562 889 1598 sibi
909 1562 1122 1599 medentur
1140 1568 1181 1599 et
1199 1575 1359 1599 cancros

187 1624 381 1661 vescendo
400 1627 572 1661 maxime
596 1628 694 1662 mari
714 1628 872 1662 eiectos.
928 1629 1080 1676 anguis,
1098 1625 1263 1663 hiberno
1281 1629 1357 1663 situ

188 1688 420 1725 membrana
456 1689 638 1738 corpori³
675 1689 847 1726 obducta
884 1689 1043 1726 feniculi
1080 1703 1172 1727 suco
1208 1691 1360 1740 inpedi-

375 1791 387 1809 ¹
410 1801 430 1821 a
446 1802 507 1822 om.
524 1791 583 1853 tul.a
606 1834 636 1865 R
676 1834 716 1864 kh
748 1791 760 1809 2
783 1792 887 1823 herba
903 1792 1003 1840 add?
1021 1792 1182 1833 Mayhoff.

637 1844 673 1865 ac
716 1844 795 1865 am:
820 1845 981 1875 corporis.

549 1951 564 1966 ⁰
585 1944 735 1985 Perhaps
754 1944 973 1986 pennyroyal.

189 2026 233 2062 70
