1482 2312
151 369 193 401 28

152 859 194 891 29

152 1473 193 1504 30

420 137 608 176 PLINY:
658 137 920 175 NATURAL
955 136 1190 175 HISTORY

218 254 378 278 causam
407 240 480 278 sel
510 240 579 277 leti
610 239 807 277 fatentem
837 253 915 276 non
951 252 1153 277 reversum
1189 242 1229 275 in
1265 241 1389 276 maria

219 309 342 352 atque
376 305 416 338 in
449 304 551 339 sicco
585 304 797 352 expirasse.
865 301 939 338 hoc
972 301 1078 338 idem
1113 306 1155 337 et
1190 300 1387 350 Naupacti

218 363 406 401 accidisse
442 362 738 413 Theophrastus
776 362 911 399 tradit.
967 375 1039 399 nec
1077 361 1216 398 modus
1255 374 1387 398 exem-

219 425 395 476 plorum:
436 424 578 461 eadem
605 422 855 473 Amphilochi
883 429 924 460 et
949 423 1153 460 Tarentini
1180 422 1230 459 de
1256 424 1387 472 pueris

219 485 496 536 delphinisque
539 490 723 528 narrant3
779 497 881 534 quae
923 483 1075 521 faciunt
1117 489 1162 521 ut
1202 483 1389 520 credatur

220 548 409 584 Arionem
459 559 617 597 quoque
665 545 957 583 citharoedicae
1006 547 1115 589 artis,
1164 544 1387 582 interficere

219 611 352 645 nautis
389 610 428 644 in
467 610 563 644 mari
601 607 834 658 parantibus
872 606 923 644 ad
959 605 1267 656 intercipiendos
1305 608 1388 643 eius

219 675 423 720 quaestus,
469 669 717 706 eblanditum
763 670 820 705 uti
865 670 972 718 prius
1016 673 1179 704 caneret
1223 666 1388 712 cithara,

218 733 470 781 congregatis
491 736 612 767 cantu
634 729 843 780 delphinis,
865 743 955 766 cum
976 741 1017 766 se
1040 731 1197 765 iecisset
1217 730 1258 764 in
1279 741 1388 765 mare

220 798 434 842 exceptum
458 793 508 828 ab
531 805 609 828 uno
630 791 854 828 Taenarum
877 793 916 826 in
938 790 1030 827 litus
1053 795 1296 840 pervectum.

272 854 341 890 IX.
374 854 444 889 Est
464 847 686 903 provinciae
708 852 974 889 Narbonensis
995 857 1036 888 et
1055 853 1094 887 in
1115 851 1389 888 Nemausiensi

220 929 315 965 agro
345 921 531 965 stagnum
563 913 709 951 Latera
739 913 985 964 appellatum
1015 913 1081 949 ubi
1111 926 1201 949 cum
1230 911 1389 949 homine

219 975 395 1026 delphini
416 978 608 1012 societate
628 977 842 1025 piscantur.
897 977 1104 1011 innumera
1124 976 1178 1010 vis
1198 973 1390 1024 mugilum

220 1043 326 1074 stato
368 1043 548 1087 tempore
590 1039 769 1087 angustis
810 1035 989 1072 faucibus
1030 1037 1160 1085 stagni
1201 1037 1241 1071 in
1281 1047 1390 1071 mare

219 1101 392 1148 erumpit
435 1099 644 1135 observata
686 1103 820 1134 aestus
863 1098 1186 1147 reciprocatione,
1224 1109 1303 1146 qua
1339 1095 1389 1132 de

218 1173 337 1196 causa
373 1159 581 1209 praetendi
619 1172 697 1195 non
727 1164 879 1209 queunt
922 1160 1035 1202 retia,
1079 1170 1205 1208 aeque
1245 1156 1389 1194 molem

219 1221 403 1272 ponderis
425 1220 531 1257 nullo
552 1220 668 1257 modo
686 1219 926 1256 toleratura²
945 1221 1098 1256 etiamsi
1120 1232 1198 1255 non
1217 1218 1391 1255 sollertia

220 1281 502 1320 insidiaretur3
551 1283 733 1331 tempori.
802 1280 915 1317 simili
966 1282 1118 1317 ratione
1168 1282 1206 1316 in
1265 1279 1388 1316 altum

219 1346 397 1394 protinus
446 1342 619 1380 tendunt
669 1342 775 1392 quod
824 1344 950 1378 vicino
999 1344 1158 1392 gurgite
1208 1341 1387 1385 efficitur,

220 1404 429 1454 locumque
452 1404 578 1441 solum
600 1403 822 1454 pandendis
846 1404 995 1440 retibus
1019 1402 1190 1440 habilem
1214 1401 1389 1452 effugere

219 1465 423 1503 festinant.
481 1465 587 1515 quod
640 1466 703 1502 ubi
758 1464 1074 1501 animadvertere
1126 1466 1389 1514 piscantes,—

219 1530 415 1564 concurrit
439 1533 574 1564 autem
599 1526 814 1563 multitudo
837 1528 1027 1576 temporis
1049 1538 1174 1576 gnara
1197 1531 1238 1562 et
1262 1527 1387 1575 magis

219 1591 342 1626 etiam
376 1588 590 1638 voluptatis
621 1587 736 1625 huius
770 1587 1141 1637 avida—totusque
1170 1586 1337 1637 populus
1367 1599 1389 1623 e

218 1649 333 1687 litore
369 1655 519 1700 quanto
555 1655 689 1700 potest
723 1649 894 1686 clamore
930 1651 1085 1685 conciet
1119 1651 1312 1685 simonem
1347 1649 1387 1684 in

219 1711 432 1761 spectaculi
477 1717 680 1754 eventum,
722 1710 906 1748 celeriter
948 1709 1122 1760 delphini
1168 1708 1387 1746 exaudiunt

219 1772 416 1810 desideria
436 1771 664 1824 aquilonum
682 1771 781 1809 flatu
800 1785 936 1809 vocem
957 1776 1237 1822 prosequente,
1255 1776 1390 1808 austro

520 1891 531 1909 ¹
555 1901 693 1922 causam
709 1893 768 1922 se?
787 1890 942 1931 Mayhoff
953 1903 960 1922 z
984 1900 1096 1922 causa.

518 1933 532 1953 ¹
557 1934 623 1965 v.ll.
637 1932 823 1970 tolleretur.
838 1932 987 1965 tolletur.

512 1974 525 1994 ³
553 1975 742 2008 Raaelcham:
766 1975 954 2008 insidietur.

224 2054 288 2091 182
