1482 2312
144 684 186 714 53

143 1195 186 1224 54

143 2006 185 2036 55

409 145 573 183 PLINY
589 160 598 183 ε
650 147 912 184 NATURAL
949 147 1182 184 HISTORY

209 249 377 286 obruta!
418 262 511 286 ecce
538 252 578 285 in
607 262 648 286 re
677 262 799 298 parva
833 249 1013 299 villisque
1041 253 1183 287 nostris
1213 250 1383 293 adnexa,

210 338 320 372 cuius
347 334 509 371 adsidue
535 338 647 384 copia
675 340 749 377 est,
775 348 852 371 non
877 341 1035 372 constat
1061 338 1165 372 inter
1189 342 1383 380 auctores,

211 433 279 457 rex
332 420 536 456 nullumne
587 420 689 457 solus
742 420 889 456 habeat
941 421 1120 457 aculeum
1173 424 1383 459 maiestate

211 512 371 542 tantum
391 512 581 549 armatus,
601 519 650 541 an
670 506 827 542 dederit
847 506 1006 555 quidem
1028 520 1117 543 eum
1140 513 1296 550 natura,
1314 507 1384 544 sed

213 605 325 628 usum
368 594 451 628 eius
492 591 547 627 illi
589 597 747 628 tantum
792 595 1010 641 negaverit.
1077 591 1173 628 illud
1214 599 1384 637 constat,

210 679 491 726 imperatorem
512 677 648 713 aculeo
669 691 746 713 non
767 680 836 713 uti.
893 681 990 714 mira
1010 677 1138 726 plebei
1165 681 1267 714 circa
1293 692 1382 715 eum

210 763 451 800 obedientia.
507 776 597 799 cum
628 763 822 812 procedit,
853 776 931 799 una
963 769 1021 799 est
1053 769 1182 799 totum
1216 777 1385 801 examen

210 852 392 898 circaque
427 861 517 885 eum
551 849 750 899 globatur,
778 851 915 899 cingit,
947 852 1136 899 protegit,
1167 852 1272 885 cerni
1308 863 1384 887 non

211 938 373 984 patitur.
431 934 582 984 reliquo
598 941 794 983 tempore,
810 948 899 971 cum
918 935 1084 984 populus
1102 938 1141 970 in
1157 935 1291 972 labore
1310 944 1384 979 cst,

210 1024 294 1070 ipse
325 1033 446 1070 opera
478 1023 584 1057 intus
615 1023 808 1063 circumit,
840 1020 974 1057 similis
1007 1020 1249 1064 exhortanti,
1280 1021 1384 1058 solus

211 1109 406 1143 immunis.
462 1109 564 1143 circa
600 1119 690 1143 eum
725 1106 919 1143 satellites
954 1106 1114 1156 quidam
1148 1106 1384 1157 lictoresque

211 1187 362 1224 adsidui
403 1186 587 1224 custodes
627 1189 887 1223 auctoritatis.
945 1187 1123 1236 procedit
1163 1186 1267 1224 foras
1306 1201 1383 1224 non

211 1271 280 1304 nisi
311 1271 528 1318 migraturo
552 1270 759 1310 examine3
796 1267 835 1303 id
859 1267 985 1304 multo
1008 1267 1254 1318 intellegitur
1276 1274 1384 1312 ante,

209 1348 361 1398 aliquot
388 1348 527 1385 diebus
560 1362 761 1384 murmure
789 1351 895 1384 intus
923 1354 1142 1397 strepente,
1170 1355 1384 1398 apparatus

208 1429 337 1466 indice
363 1429 468 1465 diem
494 1431 779 1477 tempestivum
806 1428 1052 1478 eligentium.
1110 1431 1141 1465 si
1168 1432 1254 1479 quis
1280 1430 1383 1466 alam

210 1512 245 1546 ei
273 1510 499 1552 detruncet,
526 1522 605 1545 non
632 1508 761 1559 fugiat
789 1522 971 1545 examen.
1028 1522 1118 1545 cum
1145 1522 1384 1559 processere,

209 1604 251 1627 se
286 1603 469 1640 quaeque
504 1593 724 1639 proximam
759 1589 812 1625 illi
847 1592 957 1638 cupit
991 1602 1077 1626 esse
1112 1595 1153 1626 et
1186 1592 1225 1626 in
1259 1590 1383 1627 officio

208 1674 378 1720 conspici
405 1670 581 1721 gaudet3
621 1670 768 1707 fessum
796 1673 941 1707 umeris
968 1669 1193 1714 sublevant,
1219 1670 1384 1708 validius

209 1757 425 1807 fatigatum
447 1770 497 1793 ex
518 1762 605 1793 toto
627 1762 801 1806 portant.
825 1759 854 1792 si
879 1769 957 1806 qua
977 1755 1123 1793 lassata
1145 1755 1293 1793 defecit
1314 1764 1383 1794 aut

210 1837 313 1875 forte
342 1838 556 1881 aberravit,
584 1837 704 1874 odore
733 1839 995 1886 persequitur.
1051 1837 1290 1887 ubicumque
1317 1837 1383 1874 ille

209 1917 403 1962 consedit,
418 1918 470 1954 ibi
485 1923 718 1955 cunctarum
733 1923 864 1954 castra
877 1923 981 1954 sunt.

261 1998 411 2036 XVIII.
440 1998 549 2035 Tunc
583 2004 741 2035 ostenta
775 1997 926 2035 faciunt
960 2000 1113 2048 privata
1148 2011 1193 2035 ac
1226 1998 1382 2048 publica

210 2072 282 2116 464
