1482 2312
166 1350 206 1383 27

431 130 618 168 PLINY:
669 129 930 167 NATURAL
964 129 1200 167 HISTORY

232 234 303 271 bat
324 238 541 283 pastusque
564 245 586 269 e
609 245 728 269 manu
751 232 973 282 praebebat
996 244 1205 268 ascensuro
1227 231 1399 276 dorsum,

232 305 377 353 pinnae
406 301 561 339 aculeos
589 301 698 338 velut
726 304 871 352 vagina
898 300 1086 345 condens,
1114 307 1399 351 receptumque

234 370 418 409 Puteolos
436 385 507 422 per
524 384 713 421 magnum
732 383 882 420 aequor
900 373 940 407 in
957 370 1094 407 ludum
1112 369 1269 407 ferebat
1286 370 1399 407 simili

233 441 350 478 modo
368 440 560 478 revehens
579 440 756 490 pluribus
778 442 903 484 annis,
922 439 1048 476 donec
1067 440 1204 476 morbo
1224 442 1402 476 extincto

232 524 355 562 puero
378 510 544 547 subinde
569 510 618 546 ad
642 515 878 546 consuetum
902 508 1030 546 locum
1055 511 1255 545 ventitans
1279 511 1402 546 tristis

233 586 275 618 et
288 582 482 617 maerenti
497 579 630 617 similis
645 581 728 630 ipse
744 592 919 629 quoque,
934 578 1040 628 quod
1054 591 1171 615 nemo
1185 578 1402 623 dubitaret,

232 649 427 687 desiderio
444 651 650 700 expiravit.
682 648 780 686 alius
797 651 904 685 intra
921 647 991 684 hos
1007 661 1129 686 annos
1142 646 1276 684 Africo
1287 647 1402 685 litore

233 719 427 770 Hipponis
457 719 635 755 Diarruti
664 717 779 754 simili
812 717 931 754 modo
962 730 1010 754 ex
1049 716 1254 754 hominum
1282 730 1403 754 manu

233 802 394 826 vescens
433 789 709 839 praebensque
752 801 793 824 se
834 786 1089 824 tractandum
1130 792 1172 824 et
1211 786 1404 824 adludens

233 859 419 895 nantibus
446 860 731 908 impositosque
761 863 924 907 portans
954 862 1160 906 unguento
1187 862 1404 906 perunctus

234 942 257 965 a
276 928 462 965 Flaviano
477 927 709 978 proconsule
724 926 883 963 Africae
900 931 942 963 et
958 928 1122 976 sopitus,
1142 931 1187 962 ut
1207 928 1404 976 apparuit>

233 997 361 1034 odoris
388 999 565 1034 novitate
591 996 888 1046 fluctuatusque
914 995 1050 1032 similis
1077 997 1248 1032 exanimi
1276 997 1403 1032 caruit

233 1066 436 1104 hominum
452 1068 750 1104 conversatione
768 1072 813 1103 ut
829 1067 972 1102 iniuria
987 1064 1149 1115 fugatus
1165 1078 1237 1115 per
1253 1064 1404 1114 aliquot

233 1149 411 1180 menses;
466 1149 556 1173 mox
598 1149 777 1173 reversus
817 1137 857 1171 in
899 1134 1045 1172 eodem
1085 1134 1275 1171 miraculo
1315 1133 1402 1171 fuit.

230 1208 394 1243 iniuriae
411 1211 658 1256 potestatum
679 1207 718 1241 in
737 1204 956 1255 hospitales
977 1203 1027 1241 ad
1046 1204 1254 1241 visendum
1273 1206 1404 1241 venie-

232 1278 333 1313 tium
381 1276 658 1326 Hipponenses
706 1277 745 1311 in
794 1287 934 1311 necem
983 1276 1066 1311 eius
1114 1272 1402 1323 compulerunt.

233 1351 327 1383 ante
344 1344 442 1382 haec
459 1344 600 1382 similia
617 1344 667 1381 de
687 1357 810 1394 puero
830 1346 870 1380 in
892 1343 980 1380 Iaso
1002 1344 1099 1380 urbe
1120 1348 1405 1387 memorantur,

232 1417 341 1452 cuius
358 1428 491 1452 amore
507 1419 711 1465 spectatus
728 1413 846 1464 longo
862 1419 1060 1463 tempore,
1077 1412 1172 1449 dum
1189 1413 1405 1450 abeuntem

233 1487 273 1521 in
286 1484 379 1521 litus
395 1484 508 1521 avide
523 1486 717 1534 sequitur,
731 1485 771 1519 in
785 1482 979 1519 harenam
994 1484 1173 1519 invectus
1190 1484 1384 1532 expiravit
1397 1493 1406 1525 ;

233 1568 400 1605 puerum
448 1553 677 1591 Alexander
727 1552 902 1603 Magnus
949 1551 1154 1603 Babylone
1202 1551 1406 1602 Neptunio

233 1624 454 1661 sacerdotio
479 1622 686 1674 praefecit,
712 1635 887 1659 amorem
914 1621 1024 1658 illum
1050 1623 1220 1658 numinis
1245 1617 1405 1671 propitii

234 1693 353 1730 fuisse
380 1695 680 1743 interpretatus.
736 1695 775 1729 in
796 1691 938 1729 eadem
958 1691 1055 1728 urbe
1077 1690 1165 1727 Iaso
1186 1690 1406 1741 Hegeside-

233 1776 320 1800 mus
332 1764 468 1800 scribit
481 1769 522 1800 et
535 1762 655 1799 alium
667 1775 835 1812 puerum
849 1761 1041 1798 Hermian
1054 1762 1213 1797 nomine
1225 1759 1407 1797 similiter

234 1835 358 1870 maria
404 1834 743 1882 perequitantem‚
790 1844 879 1867 cum
928 1832 1161 1880 repentinae
1209 1829 1405 1879 procellae

233 1902 418 1940 fluctibus
449 1904 698 1939 exanimatus
729 1906 850 1946 esset,
879 1899 1064 1944 relatum,
1093 1898 1405 1950 delphinumque

238 2035 306 2072 180
