1482 2368
152 560 192 590 33

151 1462 192 1490 34

413 172 580 212 PLINY
594 187 602 211 :
654 173 916 211 NATURAL
952 173 1188 211 HISTORY

218 290 306 314 cum
332 276 391 314 his
416 282 613 326 perpetua
637 276 832 313 discordia
857 276 1048 313 dracones
1073 281 1213 312 tantae
1238 278 1389 326 magni—

218 347 365 383 tudinis
381 352 421 383 et
435 349 537 396 ipsos
552 352 595 383 ut
608 345 878 395 circumplexu
891 345 997 382 facili
1012 345 1190 382 ambiant
1203 358 1389 395 nexuque

221 416 310 452 nodi
340 419 647 466 praestringant.
701 418 999 452 conmoriuntur
1028 427 1075 451 ea
1104 413 1388 458 dimicatione,1

221 489 424 535 victusque
444 499 636 522 conruens
656 485 894 534 conplexum
914 484 1027 521 elidit
1047 483 1234 533 pondere.

270 554 362 591 XII.
394 555 497 591 Mira
525 554 755 591 animalium
781 567 851 603 pro
878 567 920 590 se
946 556 1088 603 cuique
1114 553 1288 590 sollertia
1316 559 1390 596 est,

220 630 264 661 ut
291 623 362 660 his.
417 637 495 660 una
524 629 584 660 est
611 623 825 661 scandendi
844 623 858 646 ²
885 626 925 659 in
954 629 1109 659 tantam
1138 622 1390 659 altitudinem

219 693 425 730 difficultas
462 693 646 737 draconi3
697 696 834 742 itaque
871 696 1010 729 tritum
1048 695 1124 729 iter
1160 691 1212 728 ad
1246 691 1391 741 pabula

219 763 444 812 speculatus
485 763 535 799 ab
577 763 733 800 excelsa
773 775 815 799 se
856 762 995 798 arbore
1036 764 1157 798 inicit.
1212 764 1284 798 scit
1325 760 1392 797 ille

219 835 396 882 inparem
430 832 501 868 sibi
535 832 732 868 luctatum
765 837 902 868 contra
936 845 1075 875 nexus,
1109 834 1246 880 itaque
1279 830 1391 866 arbo-

219 915 304 937 rum
352 907 421 938 aut
468 905 624 950 rupium
671 904 855 938 attritum
905 903 1073 950 quaerit.
1127 906 1270 937 cavent
1317 899 1390 936 hoc

218 970 422 1013 dracones,
449 971 499 1006 ob
527 970 647 1019 idque
674 983 830 1019 gressus
859 972 1030 1018 primum
1057 969 1225 1019 alligant
1251 968 1390 1006 cauda.

219 1039 419 1075 resolvunt
459 1039 516 1074 illi
551 1039 673 1075 nodos
708 1052 840 1075 manu.
913 1044 956 1076 at
990 1038 1028 1074 hi
1064 1041 1103 1074 in
1138 1041 1242 1088 ipsas
1277 1051 1391 1075 nares

217 1114 337 1156 caput
385 1108 575 1151 condunt,
623 1111 853 1157 pariterque
900 1110 1080 1157 spiritum
1129 1108 1391 1157 praecludunt

219 1183 260 1213 et
288 1177 536 1214 mollissimas
562 1177 765 1213 lancinant
792 1183 949 1226 partes3
990 1177 1095 1214 idem
1123 1178 1225 1213 obvii
1253 1177 1391 1226 depre-

218 1245 328 1283 hensi
372 1249 409 1282 in
452 1246 635 1284 adversos
678 1249 837 1296 erigunt
879 1260 921 1283 se
962 1246 1175 1296 oculosque
1217 1249 1390 1283 maxime

220 1321 363 1365 petunt
378 1329 386 1352 :
414 1319 471 1352 ita
484 1316 529 1353 fit
543 1322 586 1353 ut
601 1316 836 1366 plerumque
849 1319 957 1353 caeci
971 1329 1016 1353 ac
1029 1316 1136 1353 fame
1151 1322 1192 1353 et
1206 1319 1393 1353 maeroris

218 1386 313 1422 tabe
332 1385 504 1422 consecti
523 1389 783 1435 reperiantur.

270 1455 400 1501 Quam
416 1458 501 1505 quis
516 1455 634 1492 aliam
647 1461 788 1492 tantae
803 1455 1021 1492 discordiae
1035 1468 1195 1492 causam
1210 1455 1391 1492 attulerit

219 1527 290 1560 nisi
306 1530 491 1560 naturam
507 1525 777 1573 spectaculum
794 1525 866 1561 sibi
883 1538 928 1561 ac
943 1527 1053 1573 paria
1069 1524 1389 1574 conponentem?

269 1593 340 1629 Est
373 1599 414 1629 et
445 1593 522 1629 alia
553 1593 815 1630 dimicationis
847 1592 961 1630 huius
992 1593 1120 1629 fama:
1167 1593 1389 1642 elephantis

219 1661 513 1710 frigidissimum
541 1675 626 1699 esse
652 1665 900 1712 sanguinem,
927 1662 977 1698 ob
1004 1662 1042 1699 id
1069 1668 1182 1699 aestu
1208 1668 1388 1700 torrente

219 1733 429 1779 praecipue
453 1744 475 1766 a
504 1731 739 1768 draconibus
769 1734 927 1781 expeti3
957 1732 1216 1781 quamobrem
1241 1735 1281 1768 in
1310 1745 1388 1768 arn-

445 1852 454 1870 ¹
475 1853 637 1892 Detles-sen
651 1865 658 1884 :
684 1853 904 1884 commoritur
919 1864 959 1884 ea
974 1853 1158 1884 dimicatio.

442 1894 454 1912 ²
475 1894 638 1936 Dellefsen
653 1908 659 1927 ε
685 1906 751 1926 una
768 1896 1017 1927 exscandendo.

659 2021 673 2035 ⁰
695 2014 765 2045 viz.
784 2014 946 2055 pythona.

220 2075 266 2111 26
