1482 2312
147 493 188 525 32

152 1048 193 1078 33

156 1418 196 1447 34

410 140 574 178 PLINY
590 154 598 177 :
650 139 912 177 NATURAL
950 138 1183 176 HISTORY

212 247 251 280 in
274 243 460 280 utriculos
480 249 691 293 congestus
712 245 964 292 apium—ore
981 244 1085 278 enim
1101 254 1192 278 eum
1208 246 1384 284 vomunt,

213 305 262 342 ad
322 304 393 341 hoc
443 318 535 341 suco
585 304 724 341 florum
777 308 984 352 corruptus
1035 308 1076 339 et
1125 301 1200 338 alvi
1252 300 1383 339 vitiis¹

214 372 452 409 maceratus,
499 368 727 414 totiensque
776 370 969 407 mutatus,
1016 376 1202 413 magnam
1249 369 1384 400 tamen

212 427 396 464 caelestis
420 433 588 463 naturae
613 426 860 476 voluptatem
884 424 1026 462 adfert.

265 488 378 525 XIII.
411 488 468 524 Ibi
494 494 680 537 optumus
704 500 861 536 semper
884 487 949 523 ubi
974 489 1212 536 optimorum
1235 485 1387 522 doliolis

215 549 352 586 florum
404 549 597 586 conditur.
666 548 741 586 f1t2
792 548 952 584 Atticae
1005 550 1173 597 regionis
1224 546 1296 583 hoc
1347 553 1388 583 et

215 610 368 647 Siculae
385 611 582 660 Hymetto
595 616 637 647 et
650 610 799 660 Hybla,
813 612 952 658 apricis
970 608 1095 652 locis,3
1106 621 1199 644 mox
1210 607 1387 658 Calydna

216 675 253 708 in
270 672 286 695 4
302 672 442 709 insula.
497 677 557 709 est
578 677 714 708 autem
732 673 843 707 initio
864 670 942 707 mel
963 675 1007 706 ut
1027 682 1130 719 aqua
1147 669 1331 713 dilutum,
1348 675 1389 706 et

217 736 349 783 primis
394 733 533 770 diebus
570 732 698 769 fervet
736 738 780 769 ut
816 737 948 768 musta
984 744 1106 781 seque
1142 736 1302 780 purgat,
1338 733 1389 767 vi-

215 797 388 831 censimo
417 794 481 831 die
509 796 729 838 crassescit,
757 806 850 830 mox
883 792 1093 830 obducitur
1124 794 1235 828 tenui
1269 805 1390 829 mem-

216 857 339 893 brana
372 869 474 906 quae
506 855 668 892 fervoris
700 858 819 905 ipsius
851 867 991 904 spuma
1022 856 1248 890 concrescit.
1313 866 1391 890 sor—

218 919 336 955 betur
352 920 547 967 optimum
566 923 607 954 et
627 919 788 953 minime
806 915 945 953 fronde
962 915 1154 952 infectum
1173 928 1195 952 e
1212 928 1392 965 quercus,

217 979 343 1023 tiliae,
362 978 627 1016 harundinum
645 978 760 1015 foliis.

268 1040 375 1078 XIV.
404 1040 566 1077 Summa
599 1039 761 1090 quidem
792 1040 982 1076 bonitatis
1010 1041 1164 1075 ratione
1181 1037 1197 1061 ⁵
1223 1044 1393 1082 constat,

219 1108 263 1139 ut
292 1115 411 1152 supra
435 1102 620 1146 diximus,
642 1101 819 1151 pluribus
842 1100 980 1137 modis.
1033 1099 1153 1136 aliubi
1183 1103 1288 1136 enim
1315 1099 1393 1136 favi

218 1177 309 1201 cera
343 1163 580 1214 spectabiles
609 1166 842 1214 gignuntur,
870 1168 915 1198 ut
943 1164 982 1198 in
1011 1161 1156 1205 Sicilia,
1184 1160 1394 1212 Paelignis,

219 1225 339 1262 aliubi
381 1228 495 1275 copia
535 1225 678 1269 mellis,
720 1230 764 1261 ut
804 1227 844 1260 in
886 1223 1020 1267 Creta,
1061 1222 1205 1273 Cypro,
1247 1222 1394 1266 Africa,

219 1287 340 1324 aliubi
384 1286 674 1337 magnitudine,
716 1292 760 1323 ut
802 1288 842 1322 in
883 1284 1275 1335 septentrionalibus,
1316 1287 1396 1321 viso

221 1352 300 1386 iam
331 1352 370 1385 in
403 1348 620 1385 Germania
651 1353 741 1385 octo
772 1347 919 1397 pedum
950 1346 1207 1396 longitudinis
1237 1345 1327 1383 favo
1356 1348 1395 1382 in

221 1424 318 1447 cava
361 1416 476 1460 parte
520 1413 644 1460 nigro.
710 1412 748 1445 in
792 1421 1042 1458 quocumque
1084 1413 1221 1444 tamen
1263 1413 1395 1444 tractu

220 1478 337 1509 terna
364 1478 455 1508 sunt
483 1485 631 1522 genera
659 1470 799 1507 mellis.
855 1483 1017 1506 vernum
1046 1482 1095 1506 ex
1123 1468 1281 1506 floribus
1307 1482 1396 1506 con-

222 1539 374 1570 structo
416 1533 520 1576 favo,
563 1532 668 1583 quod
713 1532 802 1569 ideo
845 1537 1009 1568 vocatur
1050 1530 1270 1567 anthinum.
1324 1529 1397 1567 hoc

225 1595 386 1645 quidam
405 1598 549 1645 attingi
563 1600 716 1637 vetant,
734 1599 778 1630 ut
794 1593 906 1643 largo
923 1592 1114 1629 alimento
1131 1592 1261 1628 valida
1277 1598 1397 1629 exeat

224 1657 403 1700 suboles3
458 1656 523 1692 alii
566 1669 614 1692 ex
657 1655 766 1692 nullo
807 1657 935 1691 minus
977 1654 1115 1704 apibus
1155 1653 1398 1703 relinquunt,

225 1721 410 1768 quoniam
433 1731 578 1768 magna
594 1723 784 1767 sequatur
800 1716 961 1753 ubertas
977 1728 1210 1766 magnorum
1225 1715 1397 1752 siderum

288 1813 297 1831 ¹
325 1812 498 1852 Maylzosf:
525 1812 648 1842 alvinis
663 1816 719 1842 aul
736 1810 852 1842 alveis.
970 1810 982 1828 ²
1004 1809 1044 1841 fit
1059 1809 1133 1840 add.
1149 1809 1311 1850 Mayhoff.

285 1855 297 1874 ³
322 1855 522 1895 Mayhoff?:
548 1854 591 1885 ab
608 1854 695 1915 locis⁶
705 1853 937 1928 agig-lggitsibne.
971 1853 982 1871 4
1004 1852 1040 1883 in
1055 1852 1128 1883 add.
1145 1853 1160 1882 ?
1178 1852 1338 1893 Mayhoff.

726 2003 740 2018 a
764 1999 809 2030 At
830 1968 982 2037 §3⁷3ssss

229 2074 297 2111 452
