1482 2312
423 148 590 187 PLINY
604 163 613 187 :
664 150 927 188 NATURAL
963 149 1199 187 HISTORY

223 259 287 290 ter
310 253 351 290 id
378 258 523 290 natura
546 253 699 296 scabra,
724 253 846 302 pedes
871 255 1019 302 priores
1044 258 1183 297 rostro,
1206 258 1397 303 totaeque

162 336 203 366 22
225 336 392 368 onustae
426 336 608 367 remeant
642 333 795 367 sarcina
828 330 1043 380 pandatae.
1097 333 1299 380 excipiunt
1332 343 1398 367 eas

226 414 367 445 ternae
392 414 613 458 quaternae
639 422 741 458 quae
767 414 1010 444 exonerant:
1049 413 1140 444 sunt
1166 410 1270 444 enim
1293 410 1398 445 intus

226 499 384 536 quoque
398 485 522 522 officia
533 485 811 522 divisa—aliae
821 490 995 528 struunt,
1007 485 1108 522 aliae
1121 485 1289 535 poliunt,
1299 485 1399 521 aliae

226 569 461 614 suggerunt,
487 563 589 599 aliae
614 563 744 600 cibum
770 568 990 612 conparant
1016 575 1065 599 ex
1092 576 1138 599 eo
1164 562 1271 612 quod
1293 562 1400 600 adla-

226 647 314 678 tum
357 646 440 684 est;
493 654 622 690 neque
671 643 776 677 enim
818 643 1033 690 separatim
1081 646 1305 684 vescuntur,
1350 653 1400 677 ne

227 718 493 768 inaequalitas
516 721 645 768 operis
668 724 709 755 et
731 719 806 755 cibi
832 718 901 755 fiat
925 724 966 755 et
988 721 1190 768 temporis.
1243 723 1401 755 struunt

228 810 340 833 orsae
380 809 403 832 a
440 799 787 833 concamaratione
826 796 916 840 alvi,
954 801 1194 846 textumque
1233 795 1341 833 velut
1379 809 1401 832 a

229 887 383 911 summa
407 874 492 911 tela
517 873 735 916 deducunt,
760 873 951 910 limitibus
977 873 1077 910 binis
1103 876 1205 910 circa
1230 873 1402 924 singulos

165 957 206 989 23
230 958 357 996 actus,
385 957 429 988 ut
458 951 543 988 aliis
571 954 736 995 intrent,
764 951 849 988 aliis
889 957 1048 988 exeant.
1102 951 1180 987 favi
1213 953 1402 1001 superiori

229 1029 362 1080 parti¹
409 1029 527 1066 adfixi
586 1035 627 1066 et
683 1028 845 1078 paulum
892 1031 1014 1066 etiam
1059 1029 1250 1066 lateribus
1289 1028 1403 1066 simul

229 1107 397 1144 haerent
427 1113 468 1144 et
497 1107 690 1156 pendent,
720 1106 868 1143 imam²
894 1106 1025 1143 alvum
1052 1120 1129 1143 non
1153 1109 1404 1157 contingunt,

229 1185 356 1222 tunc³
384 1184 575 1235 oblongi,4
602 1191 698 1221 tunc
726 1184 900 1228 rotundi,
929 1184 1101 1234 qualiter
1128 1187 1254 1234 poscit
1281 1184 1404 1228 alvus,

230 1263 443 1314 aliquando
476 1269 518 1299 et
550 1263 717 1300 duorum
749 1275 956 1313 generum,
987 1276 1076 1299 eum
1109 1262 1188 1299 duo
1221 1264 1405 1299 examina

230 1341 487 1378 concordibus
507 1341 661 1390 populis
675 1340 880 1377 dissimiles
893 1339 1068 1377 habuere
1082 1343 1191 1376 ritus.
1245 1346 1404 1377 ruentes

230 1433 340 1457 ceras
367 1419 549 1462 fulciunt,
575 1419 743 1468 pilarum
771 1420 1020 1468 intergerivis
1047 1431 1070 1454 a
1096 1418 1179 1455 solo
1205 1417 1405 1455 fornicatis

231 1511 280 1534 ne
321 1497 424 1534 desit
465 1497 595 1534 aditus
636 1496 687 1533 ad
726 1496 987 1533 sarciendum.
1048 1498 1160 1546 primi
1202 1495 1285 1533 fere
1324 1501 1405 1533 tres

232 1589 365 1612 versus
411 1578 548 1612 inanes
588 1580 809 1617 struuntur,
850 1588 900 1611 ne
940 1580 1169 1624 promptum
1209 1577 1260 1611 sit
1301 1573 1404 1624 quod

232 1656 374 1690 invitet
392 1653 607 1696 furantem,
625 1655 821 1689 novissimi
842 1655 1015 1688 maxime
1033 1651 1249 1701 implentur
1266 1651 1384 1688 melle
1399 1664 1406 1688 z

233 1732 322 1769 ideo
349 1744 487 1768 aversa
513 1731 600 1767 alvo
626 1730 704 1766 favi
733 1733 972 1767 eximuntur.
1027 1729 1189 1780 gerulae
1215 1729 1407 1767 secundos

234 1809 350 1846 flatus
394 1814 571 1859 captant.
625 1811 656 1845 si
700 1811 898 1845 cooriatur
942 1807 1128 1857 procella,
1172 1806 1406 1857 adprehensi

235 1887 477 1937 pondusculo
495 1886 620 1936 lapilli
638 1899 680 1923 se
698 1886 868 1929 librant3
902 1885 1063 1935 quidam
1082 1888 1121 1921 in
1141 1898 1297 1922 umeros
1317 1898 1405 1922 eum

325 1990 333 2007 ¹
358 1989 547 2021 Raclcham:
571 1990 742 2029 superiore
761 1994 866 2029 parte.
993 1987 1005 2004 Ξ
1028 1987 1212 2026 Dellefsen:
1237 1986 1316 2019 ima..

595 2032 607 2050 ³
631 2035 713 2062 tunc
731 2030 915 2070 Detlessen:
941 2040 1041 2061 nunc.

235 2078 305 2123 446
