1482 2312
443 132 607 171 PLINY
623 147 632 170 ι
681 133 717 170 N
720 133 944 170 ATURAL
979 132 1212 170 HISTORY

242 236 413 273 dormire
431 236 690 273 manifestum
709 242 781 273 est.
836 235 1029 286 aquatilia
1047 248 1206 285 quoque
1225 237 1412 285 exiguum

242 305 405 355 quidem
423 308 546 342 etiam
565 308 631 355 qui
651 305 701 342 de
719 307 863 342 ceteris
882 304 1070 341 dubitant
1088 304 1258 341 dormire
1275 310 1413 341 tamen

244 377 490 419 existimant,
535 388 614 411 non
658 374 859 411 oculorum
904 379 1155 424 argumento,
1199 376 1292 423 quia
1335 387 1413 410 non

243 443 395 481 habent
413 457 552 495 genas,
571 457 708 481 verum
727 446 813 493 ipsa
833 446 992 493 quiete:
1024 448 1242 480 cernuntur
1259 442 1414 492 placida

241 527 315 550 ceu
334 519 534 563 soporata,
554 526 685 563 neque
705 512 813 549 aliud
833 525 952 562 quam
971 512 1118 549 caudas
1138 514 1354 555 moventia,
1373 518 1415 549 et

161 587 223 618 210
241 582 292 619 ad
333 582 551 620 tumultum
588 582 760 632 aliquem
793 584 1109 631 expavescentia.
1173 581 1222 618 de
1253 580 1414 632 thynnis

162 1074 220 1104 211

242 652 504 689 confidentius
527 652 772 696 adfirmatur,
801 654 912 688 iuxta
938 654 1042 700 ripas
1065 653 1170 687 enirn
1193 656 1262 687 aut
1280 655 1414 700 petras

242 722 465 765 dormiunt3
505 721 612 771 plani
640 726 777 758 autem
806 723 970 770 piscium
1003 723 1042 756 in
1076 719 1189 763 vado,
1216 725 1261 756 ut
1293 733 1414 756 manu

242 804 362 840 saepe
389 791 594 828 tollantur.
655 803 747 827 nam
779 789 954 839 delphini
992 789 1280 839 ballaenaeque
1317 794 1414 826 ster-

242 866 376 897 tentes
414 863 536 897 etiam
574 860 800 897 audiuntur.
864 862 1014 896 insecta
1052 872 1209 909 quoque
1246 858 1414 895 dormire

242 930 398 966 silentio
420 935 602 979 apparet,
624 942 726 979 quae
759 942 808 965 ne
831 928 1042 965 luminibus
1064 928 1224 978 quidem
1246 928 1414 965 admotis

242 1002 479 1036 excitentur.

292 1068 477 1105 XCVIII.
508 1069 638 1105 Homo
691 1071 850 1118 genitus
903 1070 1096 1117 premitur
1149 1080 1285 1104 somno
1345 1080 1414 1117 per

243 1138 394 1188 aliquot
414 1151 584 1181 menses,
601 1138 693 1174 dein
711 1137 865 1187 longior
884 1140 923 1173 in
943 1137 1027 1174 dies
1047 1137 1191 1187 vigilia.
1245 1139 1413 1174 somniat

244 1211 380 1245 statim
404 1207 546 1251 infans,
565 1221 656 1243 nam
676 1213 717 1244 et
734 1220 879 1256 pavore
898 1209 1184 1256 expergiscitur
1201 1212 1242 1243 et
1259 1211 1413 1243 suctum

244 1280 434 1314 imitatur.
497 1277 658 1327 quidam
699 1290 791 1313 vero
830 1289 1061 1326 numquam,
1101 1276 1242 1326 quibus
1282 1278 1413 1312 morti-

244 1347 372 1384 ferum
401 1346 519 1384 fuisse
540 1349 697 1397 signum
715 1352 854 1383 contra
873 1345 1201 1383 consuetudinem
1220 1348 1414 1382 somnium

245 1419 463 1453 invenimus
499 1416 695 1465 exempla.
753 1429 920 1465 magnus
953 1414 1015 1451 hic
1049 1417 1190 1452 invitat
1222 1414 1329 1451 locus
1373 1420 1414 1451 et

244 1486 406 1523 diversis
446 1485 616 1522 refertus
652 1485 914 1528 documentis,
949 1490 1135 1521 utrumne
1170 1487 1248 1521 sint
1283 1484 1413 1534 aliqua

244 1559 440 1605 praescita
468 1558 586 1591 animi
621 1557 874 1604 quiescentis,
903 1554 1090 1604 quaque1
1125 1553 1222 1590 fiant
1247 1556 1414 1597 ratione,

244 1638 294 1661 an
316 1624 482 1661 fortuita
503 1638 564 1661 res
586 1627 636 1661 sit
658 1630 703 1661 ut
724 1623 926 1673 pleraque.
981 1626 1011 1660 si
1041 1623 1232 1672 exemplis
1259 1628 1414 1673 agatur,

245 1694 424 1744 profecto
443 1697 554 1744 paria
574 1693 683 1730 fiant.
738 1707 761 1730 a
775 1696 864 1730 vino
880 1698 922 1730 et
941 1706 964 1729 a
978 1693 1073 1729 cibis
1087 1695 1413 1742 proxima,atque

245 1766 284 1800 in
310 1763 605 1807 redormitione,
632 1776 732 1799 vana
758 1776 843 1799 esse
865 1765 945 1799 visa
969 1775 1092 1812 prope
1110 1764 1318 1804 convenit;
1353 1767 1413 1798 est

245 1839 381 1870 autem
396 1846 554 1869 somnus
574 1831 671 1868 nihil
684 1831 793 1868 aliud
807 1845 926 1881 quam
941 1834 1060 1868 animi
1079 1834 1119 1867 in
1134 1830 1309 1867 medium
1328 1844 1414 1867 sese

164 1908 226 1938 212
245 1916 431 1939 recessus.
489 1908 650 1952 praeter
673 1901 872 1938 hominem
901 1903 1095 1937 somniare
1125 1913 1260 1950 equos,
1282 1913 1414 1944 canes,

676 1996 687 2014 ¹
708 2007 775 2038 que
790 1997 865 2029 add.
881 1996 989 2038 Silliq.

246 2062 315 2106 426
