1482 2312
198 474 237 503 75

199 1659 239 1689 77

459 154 626 192 PLINY
640 167 648 191 ε
700 154 962 192 NATURAL
998 154 1234 192 HISTORY

263 259 377 294 variis
407 270 585 307 sparsum
614 256 769 307 plumis.
802 269 903 306 quae
934 258 1168 293 novissimae
1198 263 1289 293 sunt
1319 269 1430 306 pere-

263 330 463 378 grinarum
479 329 609 363 avium
624 329 664 362 in
679 340 835 363 mensas
851 332 1037 376 receptae
1054 331 1216 376 propter
1231 328 1430 376 ingratum

264 400 388 439 virus3
421 409 557 433 verum
578 395 773 446 Meleagri
792 395 967 432 tumulus
987 395 1137 432 nobiles
1157 408 1222 432 eas
1241 394 1348 432 fecit.
1379 389 1382 393 ⁴

314 466 501 502 XXXIX.
532 465 757 502 Seleucides
779 478 870 501 aves
890 470 1081 501 vocantur
1101 478 1267 514 quarum
1289 464 1431 501 adven-

264 541 350 572 tum
366 536 415 572 ab
433 535 524 572 Iove
539 536 721 585 precibus
737 537 941 584 inpetrant
957 534 1095 571 Cadmi
1117 536 1262 571 montis
1282 533 1432 571 incolae

265 605 397 655 fruges
415 618 551 642 eorum
570 604 730 641 locustis
750 604 1021 647 vastantibus3
1055 617 1127 640 nec
1147 603 1252 640 unde
1272 606 1432 640 veniant

264 688 391 725 quove
416 676 564 712 abeant
588 680 850 724 compertum,
875 687 1092 723 numquam
1116 675 1336 723 conspectis
1360 675 1432 710 nisi

264 759 353 782 cum
392 745 588 795 praesidio
621 757 755 781 earum
789 744 1001 794 indigetur.
1056 742 1140 780 XL.
1175 745 1360 780 invocant
1391 749 1433 780 et

265 817 456 865 Aegyptii
483 815 556 851 ibis
582 827 671 850 suas
699 819 836 850 contra
862 815 1107 863 serpentium
1134 812 1365 856 adventum,
1392 817 1433 849 et

263 884 351 921 Elei
379 884 610 934 Myiacoren
633 883 753 920 deum
784 896 1007 920 muscarum
1032 881 1288 919 multitudine
1313 884 1433 932 pesti-

264 953 427 990 lentiam
463 953 685 998 adferente,
722 965 824 1003 quae
858 954 1036 1002 protinus
1071 953 1274 988 intereunt
1313 964 1431 1001 quam

265 1023 424 1060 litatum
444 1029 505 1060 est
524 1025 560 1060 ei
579 1022 666 1060 deo.

314 1093 422 1130 XLI.
452 1093 530 1130 Sed
567 1095 607 1129 in
646 1105 803 1129 secessu
842 1094 972 1128 avium
1011 1096 1053 1128 et
1091 1096 1260 1127 noctuae
1298 1093 1433 1141 paucis

264 1163 403 1200 diebus
438 1163 562 1200 latere
595 1163 831 1205 traduntur3
880 1174 1046 1212 quarum
1080 1173 1206 1211 genus
1239 1162 1278 1196 in
1313 1160 1433 1198 Creta

263 1232 389 1270 insula
421 1246 499 1269 non
532 1231 648 1276 esse,1
681 1234 817 1275 etiam,
849 1233 880 1268 si
913 1244 991 1281 qua
1020 1232 1177 1266 invecta
1202 1232 1267 1274 sit,
1295 1232 1430 1267 emori.

263 1316 355 1339 nam
374 1301 472 1339 haec
492 1315 649 1352 quoque
669 1304 767 1338 mira
785 1306 951 1337 naturae
971 1298 1215 1336 differentia:
1249 1298 1325 1336 alia
1348 1299 1432 1336 aliis

263 1371 356 1409 locis
394 1377 530 1422 negat,
568 1377 773 1421 tamquam
811 1383 960 1420 genera
998 1369 1156 1419 frugum
1194 1367 1430 1406 fruticumve

264 1444 318 1478 sic
354 1447 396 1478 et
433 1440 672 1477 animalium.
728 1453 805 1476 non
842 1441 948 1476 nasci
985 1438 1239 1482 tralaticium,
1275 1440 1432 1475 invecta

264 1513 385 1548 emori
409 1513 562 1547 mirum.
618 1510 750 1560 quod2
779 1509 874 1546 illud
903 1515 963 1546 est
992 1511 1106 1545 unius
1130 1510 1287 1558 generis
1315 1508 1432 1544 saluti

263 1581 485 1624 adversum,
501 1593 653 1630 quaeve
668 1582 745 1616 ista
763 1585 928 1615 naturae
946 1578 1118 1615 invidia?
1141 1583 1210 1615 aut
1227 1580 1294 1627 qui
1309 1583 1431 1614 terra·

266 1664 351 1687 rum
389 1650 484 1686 dicti
523 1650 657 1685 avibus
695 1649 880 1685 termini?
949 1647 1106 1685 Rhodos
1144 1647 1315 1698 aquilam
1353 1659 1431 1683 non

264 1720 409 1763 habet3
466 1719 749 1769 Transpadana
792 1718 908 1755 Italia
949 1720 1062 1755 iuxta
1104 1718 1226 1768 Alpes
1270 1716 1430 1754 Larium

265 1789 392 1827 lacum
432 1789 606 1839 appellat
644 1802 855 1825 amoenum
893 1788 1054 1824 arbusto
1092 1800 1186 1838 agro
1223 1787 1274 1823 ad
1311 1799 1430 1837 quem

266 1862 439 1897 ciconiae
478 1872 555 1895 non
592 1864 814 1909 permeant,
852 1860 965 1894 sicuti
1003 1871 1075 1894 nec
1112 1863 1295 1894 octavum
1332 1859 1431 1893 citra

265 1928 436 1979 lapidem
470 1929 519 1965 ab
553 1942 600 1965 eo
632 1931 810 1965 inmensa
844 1927 986 1978 alioqui
1021 1927 1186 1963 finitimo
1221 1926 1429 1963 Insubrum

505 2017 518 2037 ²
541 2017 581 2049 M
584 2017 696 2058 ayhoff
708 2029 714 2048 :
739 2021 801 2049 est.
1007 2014 1020 2034 ²
1039 2016 1093 2047 v.l.
1108 2015 1201 2056 quid.

263 2084 333 2120 340
