1482 2312
135 614 192 645 198

133 1379 192 1410 199

411 159 576 197 PLINY
591 174 600 197 :
652 160 914 198 NATURAL
952 160 1189 199 HISTORY

215 266 266 300 sit
287 263 590 300 aestimantibus
612 262 762 314 Pyrrho
784 266 867 314 regi
889 276 967 313 quo
988 263 1052 300 die
1074 266 1193 314 periit
1213 267 1389 314 praecisa

216 331 432 369 hostiarum
447 335 580 383 capita
594 335 762 383 repsisse
778 335 1012 383 sanguinem
1027 346 1142 370 suum
1157 332 1385 371 lambentia.

216 408 310 438 exta
338 401 486 438 homini
508 403 558 439 ab
580 400 764 439 inferiore
786 404 980 439 viscerum
1009 408 1124 452 parte
1156 408 1390 453 separantur

216 472 460 515 membrana,
493 485 612 521 quam
644 471 874 522 praecordia
912 471 1115 522 appellant
1155 474 1246 522 quja
1284 472 1387 509 cordi

218 541 516 590 praetenditur:
574 540 679 591 quod
718 541 858 578 Graeci
899 540 1197 591 appellaverunt
1245 542 1388 591 φρένας.

216 612 347 646 omnia
368 610 530 660 quidem
549 610 779 660 principalia
800 613 948 647 viscera
967 611 1206 647 membranis
1227 613 1390 661 propriis

217 693 261 716 ac
292 679 401 717 velut
432 682 582 730 vaginis
613 680 770 717 inclusit
801 680 1010 730 providens
1040 686 1204 723 natura3
1248 682 1288 716 in
1316 679 1391 717 hac

219 748 293 785 fujt
319 755 360 786 et
383 749 591 799 peculiaris
611 763 730 786 causa
750 752 930 786 vicinitas
950 748 1040 793 alvi,
1061 763 1110 786 ne
1131 750 1218 786 cibo
1240 752 1390 800 suppri-

217 825 393 855 meretur
423 822 588 856 animus.
645 818 736 856 huic
765 825 874 856 certe
906 818 1077 856 refertur
1107 825 1273 869 accepta
1302 820 1390 856 sub—

217 887 339 924 tilitas
380 891 547 932 mentis;
587 888 676 925 ideo
706 884 812 925 nulla
843 895 904 925 est
933 890 969 925 ei
996 901 1100 932 caro,
1126 888 1196 925 sed
1226 902 1389 926 nervosa

217 957 385 994 exilitas.
441 960 481 994 in
505 958 647 995 eadem
670 961 884 1009 praecipua
907 957 1117 995 hilaritatis
1137 958 1265 1003 sedes,
1285 958 1391 1008 quod

218 1027 381 1064 titillatu
410 1030 585 1065 maxime
614 1027 862 1078 intellegitur
890 1027 1039 1064 alarum
1069 1028 1118 1064 ad
1147 1041 1243 1078 quas
1272 1028 1391 1073 subit,

219 1110 295 1133 non
324 1096 443 1134 aliubi
473 1099 653 1134 tenuiore
683 1096 857 1133 humana
885 1103 976 1133 cute
1005 1096 1175 1147 ideoque
1203 1097 1388 1134 scabendi

216 1165 425 1204 dulcedine
448 1167 501 1204 ibi
524 1169 716 1217 proxima.
773 1167 822 1203 ob
844 1165 918 1203 hoc
941 1168 981 1202 in
1003 1166 1160 1217 praeliis
1177 1166 1390 1217 gladiator-

220 1249 365 1286 umque
393 1235 626 1286 spectaculis
657 1242 825 1273 mortem
856 1249 944 1272 curn
973 1237 1051 1272 risu
1082 1237 1249 1272 traiecta
1278 1248 1390 1286 prae-

216 1305 348 1342 cordia
375 1305 607 1343 attulerunt.

268 1374 494 1412 LXXVIII.
524 1374 669 1412 Subest
697 1381 836 1412 venter
863 1374 1111 1411 stomachum
1138 1374 1390 1419 habentibus,

216 1446 358 1480 ceteris
401 1444 583 1494 simplex,
627 1444 916 1481 ruminantibus
959 1446 1155 1494 geminus,
1199 1446 1391 1494 sanguine

217 1514 444 1550 carentibus
466 1512 618 1557 nullus;
655 1515 890 1550 intestinum
914 1515 1019 1549 enim
1041 1513 1091 1549 ab
1114 1526 1180 1549 ore
1203 1515 1390 1563 incipiens

218 1583 454 1633 quibusdam
481 1583 622 1620 eodem
649 1582 880 1627 reflectitur,
907 1588 953 1619 ut
979 1585 1137 1633 saepiae
1165 1588 1206 1619 et
1232 1582 1389 1633 polypo.

217 1654 256 1688 in
283 1651 441 1689 homine
471 1652 649 1690 adnexus
677 1652 811 1689 infimo
840 1651 1044 1689 stomacho
1073 1650 1207 1688 similis
1237 1653 1389 1688 canino.

217 1720 275 1758 his
298 1722 386 1759 solis
410 1721 638 1759 animalium
664 1721 848 1759 inferiore
874 1727 989 1772 parte
1017 1723 1233 1772 angustior,
1254 1723 1390 1771 itaque

219 1797 260 1828 et
302 1791 384 1828 sola
427 1798 605 1836 vomunt,
650 1793 743 1842 quja
784 1791 938 1842 repleto
982 1796 1144 1841 propter
1187 1793 1390 1841 angustias

218 1863 475 1911 supprimitur
515 1861 638 1905 cibus,
681 1860 787 1911 quod
829 1860 1008 1897 accidere
1051 1873 1129 1897 non
1170 1865 1306 1910 potest
1345 1861 1390 1896 iis

455 2018 469 2033 ⁰
491 2015 554 2047 272
574 2024 638 2048 B.o.
864 2013 876 2033 ⁰
899 2014 970 2046 The
986 2018 1139 2055 octopus.

216 2082 285 2131 556
