1482 2312
388 144 576 182 PLINY:
630 145 892 181 NATURAL
930 144 1164 182 HISTORY

192 262 359 298 quorum
375 248 461 285 duri
483 254 576 285 sunt
589 250 717 285 minus
735 254 903 285 cernunt
916 261 1035 298 quam
1048 261 1215 298 quorum
1228 249 1361 285 umidi.

191 312 436 361 serpentium
456 310 597 347 catulis
619 316 661 346 et
680 309 936 346 hirundinum
955 309 1071 359 pullis
1092 312 1123 347 si
1144 312 1230 360 quis
1251 317 1363 347 eruat

103 377 164 408 153
188 374 339 409 renasci
388 371 565 408 tradunt.
621 374 861 408 insectorum
901 373 1077 407 omnium
1117 377 1158 408 et
1196 374 1361 408 testacei

108 748 169 779 154

106 1118 167 1149 155

108 1552 169 1582 156

192 436 429 484 operimenti
450 433 550 470 oculi
572 438 782 469 moventur
802 435 904 469 sicut
926 433 1215 483 quadripedum
1237 446 1362 470 aures.

192 497 333 546 quibus
375 494 529 545 fragilia
560 497 822 545 operimenta,
853 494 912 531 his
944 495 1045 531 oculi
1076 495 1174 531 duri.
1231 498 1365 532 omnia

191 557 287 594 talia
320 563 361 594 et
393 560 519 607 pisces
554 563 594 594 et
628 559 779 593 insecta
812 570 890 593 non
932 556 1082 593 habent
1126 570 1247 607 genas
1291 570 1364 594 nec

191 622 378 670 integunt
417 619 570 662 oculos3
625 620 806 655 omnibus
847 619 1080 655 membrana
1118 621 1207 655 vitri
1247 619 1364 656 modo

192 681 387 718 tralucida
411 681 653 717 obtenditur.

245 742 348 779 LVI.
379 741 597 793 Palpebrae
613 744 651 778 in
667 744 779 792 genis
791 741 939 778 homini
953 744 1164 792 utrimque.
1196 742 1363 779 mulieri-

191 806 263 842 bus
312 804 401 841 fuco
418 804 432 827 1
482 807 604 841 etiam
647 803 820 841 infectae
868 804 1089 840 cotidiano:
1140 809 1255 840 tanta
1303 810 1364 841 est

192 867 342 903 decoris
367 865 585 903 adfectatio
612 872 654 902 ut
679 868 913 916 tinguantur
937 865 1038 902 oculi
1064 878 1232 915 quoque.
1289 865 1365 902 alia

192 929 241 965 de
269 941 387 965 causa
412 927 486 964 hoc
514 934 655 964 natura
681 927 862 971 dederat,
889 940 962 964 ceu
989 926 1135 963 vallum
1163 927 1363 977 quoddam

192 993 295 1026 visus
320 996 361 1026 et
384 992 609 1040 prominens
634 992 926 1026 munimentum
949 994 1088 1025 contra
1113 991 1361 1025 occursantia

193 1051 377 1088 animalia
407 1057 477 1088 aut
508 1051 584 1087 alia
614 1050 778 1087 fortuito
809 1050 1035 1087 incidentia.
1091 1049 1265 1087 defluere
1297 1063 1363 1087 eas

190 1113 288 1150 haut
338 1115 521 1149 inmerito
565 1125 708 1149 venere
748 1112 1041 1148 abundantibus
1080 1112 1256 1148 tradunt.
1313 1125 1362 1148 ex

193 1177 335 1212 ceteris
353 1173 447 1211 nulli
465 1180 557 1211 sunt
574 1176 647 1210 nisi
665 1174 806 1223 quibus
824 1180 865 1210 et
882 1175 922 1209 in
939 1173 1089 1223 reliquo
1106 1186 1266 1223 corpore
1284 1173 1362 1223 pili,

193 1237 262 1273 sed
282 1236 589 1286 quadripedibus
608 1238 647 1271 in
667 1237 865 1285 superiore
885 1240 1043 1271 tantum
1062 1248 1178 1285 gena,
1198 1235 1361 1271 volucri·

193 1299 266 1335 bus
291 1301 331 1334 in
357 1297 554 1341 inferiore,
576 1303 618 1333 et
638 1298 778 1347 quibus
798 1296 915 1333 molle
936 1303 1086 1346 tergus,
1106 1302 1151 1333 ut
1170 1299 1363 1347 serpenti-

193 1362 280 1404 bus,
303 1366 344 1397 et
374 1359 663 1409 quadripedum
692 1372 794 1408 quae
818 1371 891 1394 ova
913 1361 1085 1408 pariunt,
1110 1364 1154 1395 ut
1176 1357 1360 1395 lacertae.

194 1421 526 1459 struthocamelus
585 1421 725 1457 alitum
775 1420 857 1456 sola
905 1426 951 1456 ut
999 1419 1116 1456 homo
1165 1423 1363 1470 utrimque

194 1485 402 1534 palpebras
425 1483 558 1519 habet.

245 1546 370 1582 LVII.
402 1545 462 1581 Ne
494 1557 621 1595 genae
656 1543 817 1594 quidem
849 1544 1043 1587 omnibus,
1076 1543 1204 1580 item2
1236 1556 1365 1593 neque

195 1610 359 1645 nictatio
389 1606 488 1643 nisi³
522 1606 581 1642 his
611 1619 712 1656 quae
741 1605 884 1641 animal
908 1611 1114 1655 generant.
1169 1607 1366 1655 graviores

195 1670 336 1706 alitum
356 1668 539 1706 inferiore
559 1681 663 1718 gena
682 1669 879 1711 conivent,
900 1667 1066 1704 eaedem
1091 1667 1291 1703 nictantur
1317 1666 1366 1704 ab

195 1731 348 1781 angulis
387 1731 619 1767 membrana
658 1730 844 1766 obeunte.
900 1729 1105 1765 columbae
1145 1734 1187 1765 et
1225 1720 1367 1765 similia

195 1800 364 1843 utraque
385 1795 581 1829 conivent.
625 1797 667 1828 at
689 1791 952 1842 quadripedes
975 1803 1076 1840 quae
1099 1803 1172 1827 ova
1191 1792 1365 1840 pariunt,

195 1861 241 1892 ut
270 1855 506 1898 testudines,
535 1853 732 1897 crocodili,
761 1852 944 1890 inferiore
974 1858 1147 1895 tantum,
1176 1854 1260 1888 sine
1289 1851 1367 1888 ulla

311 1958 323 1988 2
347 1956 504 1997 Mayhoff
515 1969 522 1987 :
549 1966 638 1989 ver0.
798 1956 810 1974 ²
834 1955 941 1986 item?
960 1953 1117 1994 Illathff
1128 1966 1135 1985 :
1160 1953 1246 1985 ideo.

441 2001 454 2019 ³
480 1999 636 2039 Mayhoff
648 2009 685 2030 ex
702 1997 874 2029 Aristotele
889 2010 895 2028 :
922 1998 1127 2042 luctationis.

194 2063 262 2109 528
