1482 2312
176 532 218 562 38

176 883 217 913 39

178 1293 220 1323 40

440 128 606 167 PLINY
621 143 630 166 :
681 129 944 166 NATURAL
980 129 1214 167 HISTORY

245 232 447 283 Nigidium
475 231 662 282 insuper1
690 231 913 282 appellatur
945 234 1026 268 avis
1058 245 1161 282 quae
1194 231 1413 282 aquilarum

244 305 317 328 ova
332 290 503 341 frangat.
558 296 650 327 sunt
666 296 876 340 praeterea
891 290 1078 340 conplura
1093 303 1242 340 genera
1255 290 1414 340 depicta

243 352 284 386 in
315 350 482 386 Etrusca
512 348 718 399 disciplina
748 348 912 385 saeculis
943 362 1021 384 non
1052 351 1146 392 visa,
1177 361 1280 398 quae
1311 362 1414 385 nunc

244 407 436 445 defecisse
463 410 605 444 mirum
632 413 693 444 est
716 421 806 443 cum
828 407 1033 443 abundent
1055 409 1177 443 etiam
1198 420 1300 457 quae
1321 406 1414 457 gula

243 466 416 503 humana
433 466 656 516 populatur.

294 525 445 561 XVIII.
476 525 742 561 Externorum
766 524 816 561 de
840 526 1013 574 auguriis
1036 525 1273 574 peritissime
1297 526 1415 574 scrip-

243 585 338 620 sisse
383 582 506 634 Hylas
547 585 705 620 nomine
745 588 922 632 putatur.
977 584 1008 619 is
1049 582 1173 619 tradit
1214 588 1415 627 noctuam,

246 643 458 687 bubonem,
508 644 639 692 picum
694 642 852 678 arbores
911 646 1135 685 cavantem,
1188 646 1415 691 trygonam,

244 703 439 737 cornicem
474 713 497 736 a
531 700 658 737 cauda
700 713 772 737 ovo
789 700 804 723 2
846 701 969 744 exire,
1011 702 1198 750 quoniam
1240 699 1416 750 pondere

243 761 418 809 capitum
442 771 627 809 perversa
651 772 723 795 ova
746 760 1006 808 posteriorem
1029 764 1186 808 partem
1209 771 1416 808 corporum

243 816 454 854 fovendam
485 819 599 854 matri
621 817 833 867 adplicent.

295 876 405 912 XIX.
436 876 679 912 Noctuarum
719 882 857 912 contra
896 888 988 912 aves
1027 874 1161 912 sollers
1200 875 1415 912 dimicatio.

244 937 390 971 maiore
421 935 689 971 circumdatae
720 933 977 971 multitudine
1008 936 1217 983 resupinae
1247 933 1415 983 pedibus

244 999 470 1043 repugnant
492 993 763 1043 collectaeque
786 995 826 1029 in
850 999 980 1029 artum
1004 998 1130 1029 rostro
1153 998 1195 1029 et
1220 993 1416 1042 unguibus

243 1057 354 1089 totae
390 1057 594 1101 teguntur.
649 1051 862 1088 auxiliatur
897 1053 1087 1102 accipiter
1121 1050 1286 1102 collegio
1321 1064 1416 1101 quo-

245 1110 337 1147 dam
358 1116 523 1147 naturae
539 1110 767 1160 bellumque
789 1112 971 1160 partitur.
1026 1115 1191 1146 noctuas
1207 1112 1416 1160 sexagenis

243 1169 383 1206 diebus
409 1168 548 1205 hiemis
573 1169 719 1206 cubare
745 1175 787 1205 et
812 1181 954 1205 novem
980 1181 1094 1206 voces
1119 1167 1267 1205 habere
1293 1168 1418 1205 tradit

245 1228 438 1278 Nigidius.

296 1286 383 1322 XX.
413 1285 514 1323 Sunt
545 1292 586 1323 et
616 1299 761 1336 parvae
792 1298 884 1322 aves
915 1298 1104 1322 uncorum
1135 1287 1341 1335 unguium,
1371 1291 1417 1322 ut

244 1347 318 1395 pici
360 1344 508 1381 Martio
544 1347 779 1395 cognomine
817 1346 990 1394 insignes
1028 1349 1069 1381 et
1106 1345 1146 1380 in
1183 1343 1416 1394 auspicatu3

244 1405 389 1453 magni.
444 1416 522 1453 quo
538 1405 577 1439 in
593 1416 741 1453 genere
758 1403 942 1439 arborum
958 1408 1162 1439 cavatores
1177 1402 1415 1439 scandentes

244 1464 283 1498 in
303 1463 532 1499 subrectum
552 1461 689 1499 felium
705 1462 836 1505 modo,
851 1460 904 1497 illi
921 1474 1014 1497 vero
1030 1467 1071 1498 et
1087 1463 1229 1511 supini,
1242 1463 1413 1511 percussi

243 1523 398 1558 corticis
417 1534 511 1557 sono
531 1520 720 1570 pabulum
743 1521 905 1557 subesse
925 1519 1176 1570 intellegunt.
1231 1519 1357 1569 pullos
1376 1521 1416 1556 in

243 1581 346 1616 cavis
377 1579 549 1616 educant
579 1581 710 1616 avium
740 1579 822 1616 soli.
880 1578 1042 1615 adactos
1072 1580 1247 1615 cavernis
1279 1591 1414 1615 eorum

244 1651 267 1674 a
285 1643 444 1688 pastore
470 1651 615 1675 cuneos
636 1638 798 1674 admota
819 1637 991 1687 quadam
1018 1637 1068 1674 ab
1093 1638 1139 1673 iis
1164 1635 1287 1674 herba
1313 1636 1414 1673 elabi

471 1718 481 1736 1
505 1717 666 1758 insuper?
686 1717 860 1757 Mayhoff:
878 1727 988 1758 super.

471 1760 483 1778 ²
506 1763 597 1791 ovo?
617 1760 790 1800 Maylzoff:
816 1760 857 1790 de
873 1770 950 1791 ovo.

473 1803 485 1821 ³
510 1803 708 1834 Hardouin:
736 1802 923 1844 auspicatis
937 1806 994 1833 aut
1009 1801 1179 1843 auspiciis.

445 1916 458 1929 ¹⁸
482 1910 535 1942 An
554 1909 725 1941 unknown
745 1909 829 1942 bird.

448 1954 459 1972 ⁶
483 1954 553 1985 The
570 1953 775 1985 red-headed
793 1953 900 1985 Black
917 1951 1158 1993 Woodpecker.

448 2002 458 2015 ⁰
483 1996 657 2038 Repeatfed
677 1996 775 2027 XXV
795 1997 833 2027 14
849 1995 914 2027 and
932 1996 1026 2026 there
1041 1995 1197 2037 rejected.

241 2054 311 2104 316
