1482 2312
135 1250 196 1280 193

413 145 578 184 PLINY
593 160 602 183 ι
652 145 914 183 NATURAL
950 143 1184 182 HISTORY

217 251 317 298 nigri
365 248 520 285 velleris
569 251 802 297 praecipuas
848 246 986 290 habet,
1032 245 1228 282 Pollentia
1275 248 1385 281 iuxta

217 307 340 356 Alpes
381 310 483 351 cani,
525 307 618 343 Asia
660 306 767 342 rutili
808 319 906 355 quas
947 304 1190 354 Erythraeas
1232 309 1387 346 vocant,

218 368 314 402 item
352 365 529 409 Baetica,
565 364 782 401 Canusium
817 364 926 406 fulvi,
961 363 1178 399 Tarentum
1216 368 1257 398 et
1293 374 1387 398 suae

216 423 428 474 pulliginis.
483 423 626 460 sucidis
654 423 835 460 omnibus
863 422 1062 459 medicata
1089 424 1157 458 vis.
1213 420 1387 457 Histriae

218 481 488 531 Liburniaque
518 482 597 531 pilo
625 484 783 530 propior
812 494 931 530 quam
960 480 1090 523 lanae,
1118 482 1230 529 pexis
1259 479 1387 515 aliena

219 541 406 585 vestibus,
423 547 463 577 et
477 554 596 590 quam
615 540 768 576 Salacia
784 539 984 577 scutulato
999 544 1117 575 textu
1135 537 1388 574 commendat

218 602 257 634 in
284 599 502 636 Lusitania.
557 599 692 635 similis
716 601 819 635 circa
845 597 1018 635 Piscinas
1043 599 1265 646 provinciae
1292 595 1388 632 Nar·

217 658 415 702 bonensis,
445 658 580 695 similis
611 664 651 694 et
680 660 720 693 in
750 658 954 708 Aegypto,
985 669 1034 693 ex
1064 669 1143 705 qua
1173 658 1291 692 vestis
1321 654 1387 690 de-

217 720 314 753 trita
352 730 423 753 usu
463 719 639 766 pingitur
676 729 888 765 rursusque
927 728 1024 751 aevo
1062 715 1192 751 durat.
1249 719 1308 750 est
1348 719 1389 749 et

218 774 346 811 hirtae
384 776 463 825 pilo
499 788 628 811 crasso
666 778 705 811 in
741 777 890 823 tapetis
927 776 1200 823 antiquissima
1238 774 1388 822 gratia:

218 836 296 869 iam
333 840 442 870 certe
480 833 656 883 priscosl
694 836 739 870 iis
776 846 866 869 usos
904 833 1102 870 Homerus
1139 837 1277 868 auctor
1314 836 1386 867 est.

218 892 334 928 aliter
360 891 458 928 haec
486 892 591 928 Galli
616 894 802 942 pingunt,
828 891 944 928 aliter
971 890 1207 927 Parthorum
1233 895 1388 940 gentes.

179 963 185 969 ·
216 951 332 987 lanae
353 957 393 987 et
414 964 484 1000 per
503 964 544 987 se
564 956 729 987 coactae
750 956 902 986 vestem
920 949 1073 986 faciunt
1094 955 1150 992 et,
1169 951 1199 985 si
1219 948 1390 985 addatur

219 1015 392 1052 acetum,
431 1012 553 1046 etiam
592 1008 697 1045 ferro
736 1011 940 1052 resistunt,
978 1011 1098 1044 immo
1136 1020 1229 1043 vero
1268 1010 1390 1043 etiam

218 1068 374 1118 ignibus
415 1071 624 1105 novissimo
663 1065 721 1104 sui
760 1072 1038 1117 purgamento.
1095 1069 1242 1116 quippe
1281 1067 1389 1101 aenis

218 1127 452 1176 polientium
505 1132 688 1163 extracta
738 1129 777 1162 in
826 1128 996 1162 tomenti
1047 1138 1161 1162 usum
1213 1127 1390 1167 veniunt,

219 1185 451 1229 Galliarum,
504 1192 548 1222 ut
603 1185 785 1229 arbitror,
825 1188 1008 1222 invento:
1067 1190 1177 1220 certe
1231 1183 1390 1220 Gallicis

217 1243 333 1281 hodie
378 1245 600 1281 nominibus
643 1244 891 1281 discernitur.
948 1256 1020 1280 nec
1062 1242 1179 1279 facile
1222 1242 1389 1278 dixerim

219 1316 297 1352 qua
321 1303 361 1340 id
385 1309 522 1340 aetate
546 1306 745 1352 coeperit;
784 1305 957 1352 antiquis
982 1305 1086 1338 enim
1112 1307 1221 1338 torus
1246 1313 1267 1337 e
1291 1307 1390 1337 stra-

219 1368 355 1398 mento
390 1367 490 1405 erat,
523 1361 695 1411 qualiter
727 1364 849 1398 etiam
882 1373 985 1397 nunc
1018 1363 1058 1396 in
1089 1363 1240 1397 castris.
1294 1372 1391 1409 gau-

218 1433 338 1469 sapae
381 1423 504 1470 patris
545 1423 623 1457 mei
666 1423 856 1457 memoria
896 1432 1078 1468 coepere,
1121 1418 1390 1468 amphimallia

219 1486 367 1522 nostra,
402 1482 502 1515 sicut
538 1478 673 1515 villosa
708 1481 830 1515 etiam
866 1478 1082 1521 ventralia;
1130 1490 1221 1513 nam
1256 1479 1390 1513 tunica

218 1537 287 1574 lati
325 1538 424 1574 clavi
462 1541 500 1573 in
538 1537 699 1574 modum
736 1550 938 1587 gausapae
974 1539 1058 1573 texi
1088 1549 1190 1572 nunc
1219 1539 1389 1585 primum

219 1599 368 1645 incipit.
434 1596 615 1632 lanarum
661 1599 798 1646 nigrae
833 1596 984 1632 nullum
1019 1595 1190 1632 colorem
1225 1595 1390 1637 bibunt3

220 1655 269 1691 de
289 1655 528 1704 reliquarum
548 1654 698 1692 infectu
717 1658 795 1692 suis
813 1655 906 1691 locis
925 1654 1100 1691 dicemus
1120 1656 1159 1690 in
1176 1651 1389 1703 conchyliis

219 1717 337 1750 maris
357 1720 425 1749 aut
446 1713 657 1750 herbarum
677 1719 833 1750 natura.

652 1800 662 1818 ¹
685 1800 815 1841 priscos
830 1810 891 1831 om.
908 1800 962 1831 v.l.

258 1910 272 1924 ‘¹
294 1902 435 1951 Odys-§ey
457 1905 488 1934 4.
513 1903 576 1933 298
602 1901 764 1944 Ἀλκίππη
789 1902 824 1934 δὲ
845 1902 972 1943 τάπητα
992 1901 1085 1942 φέρεν
1107 1901 1256 1942 μαλακοῦ
1280 1900 1389 1940 ἐρίοιο,

211 1950 238 1977 εἰ
252 1956 389 2020 emisi&
403 1989 456 2020 62.
767 1993 777 2005 ε
800 1987 887 2019 XXI
905 1998 932 2019 c.
953 1988 1002 2019 12.

225 2063 290 2098 134
