1482 2312
180 586 239 617 127

182 1164 243 1195 128

182 1484 242 1516 129

460 157 647 194 PLINY:
699 157 962 195 NATURAL
1000 155 1237 194 HISTORY

261 262 418 298 scrobes
449 273 641 297 excavare
671 266 812 305 rostro,
843 260 936 297 inde
967 265 1076 296 crate
1107 264 1361 296 consternere
1393 263 1434 294 et

262 327 415 375 operire
428 330 535 361 terra
548 337 650 374 quae
664 330 758 361 ante
772 323 892 361 fuerit
906 329 1045 374 egesta
1058 335 1067 366 ς
1093 325 1134 359 in
1144 322 1204 359 his
1216 321 1414 359 fetificare
1428 333 1436 364 ;

261 388 364 426 fores
397 389 509 425 binas
543 391 719 425 omnium
752 389 977 425 scrobibus:
1025 389 1221 424 orientem
1254 391 1435 436 spectare

263 454 405 503 quibus
434 458 581 489 exeant
608 455 649 488 in
676 465 836 502 pascua,
865 465 1047 488 occasum
1075 452 1217 501 quibus
1246 449 1437 492 redeant;

263 517 393 553 alvum
423 522 707 553 exoneraturas
739 515 946 553 subvolare
979 528 1136 565 semper
1168 520 1209 551 et
1241 515 1437 550 contrario

264 580 373 617 flatu.
429 594 507 617 uno
525 580 600 617 hae
618 583 659 617 in
677 580 761 617 loco
778 583 902 617 totius
921 580 1024 616 orbis
1042 581 1236 622 visuntur,
1253 580 1294 614 in
1310 577 1438 614 insula

262 658 381 695 quarn
426 645 597 681 diximus
646 644 819 681 nobilem
864 643 1070 681 Diomedis
1114 642 1269 679 tumulo
1314 647 1436 691 atque

262 709 441 752 delubro,
481 714 621 746 contra
659 708 829 759 Apuliae
869 721 992 752 oram,
1031 707 1239 744 fulicarum
1278 705 1436 742 similes.

263 773 435 810 advenas
455 774 645 810 barbaros
665 772 850 823 clangore
870 771 1077 816 infestant,
1098 771 1258 808 Graecis
1279 775 1438 806 tantum

263 837 476 874 adulantur
492 839 590 874 miro
608 837 847 881 discrimine,
863 836 973 873 velut
988 837 1126 886 generi
1143 833 1350 872 Diomedis
1365 832 1438 870 hoc

263 902 502 945 tribuentes,
542 901 764 951 aedemque
805 914 894 938 eam
932 900 1078 937 cotidie
1117 899 1235 950 pleno
1273 903 1439 948 gutture

264 965 519 1002 madentibus
546 968 687 1016 pennis
713 965 903 1015 perluunt
930 970 1053 1015 atque
1079 963 1305 1015 purificant,
1332 961 1439 998 unde

265 1032 375 1080 origo
420 1029 578 1067 fabulae
624 1029 831 1066 Diomedis
875 1031 999 1066 socios
1036 1030 1077 1064 in
1116 1041 1252 1065 earum
1291 1026 1441 1076 effigies

266 1100 453 1131 mutatos.

319 1158 447 1195 LXII.
478 1158 567 1195 Non
615 1157 884 1195 omittendum
931 1162 1006 1202 est,
1049 1170 1140 1194 cum
1183 1155 1233 1192 de
1274 1156 1442 1205 ingeniis

265 1222 507 1267 disserimus,
532 1235 554 1260 e
580 1222 800 1259 volucribus
826 1221 1055 1258 hirundines
1079 1219 1268 1257 indociles
1293 1231 1393 1263 esse,
1420 1231 1442 1256 e

265 1287 521 1324 terrestribus
565 1300 712 1331 mures,
753 1300 843 1323 cum
886 1285 1089 1336 elephanti
1130 1287 1236 1321 iussa
1276 1283 1438 1327 faciant,

265 1350 400 1388 leones
422 1353 560 1401 iugum
582 1351 767 1396 subeant,
789 1353 829 1387 in
851 1352 949 1387 mari
973 1349 1085 1387 vituli
1107 1354 1250 1399 totque
1277 1349 1442 1398 piscium

266 1429 414 1466 genera
435 1418 660 1452 mitescant.

318 1479 468 1516 LXIII.
498 1479 647 1516 Bibunt
665 1492 757 1516 aves
776 1485 892 1516 suctu
910 1492 959 1515 ex
978 1480 1023 1515 iis
1047 1478 1189 1528 quibus
1208 1476 1326 1527 longa
1344 1477 1441 1514 colla

264 1546 579 1580 intermittentes
596 1549 637 1580 et
652 1546 783 1594 capite
799 1545 1032 1593 resupinato
1054 1541 1163 1579 velut
1182 1540 1441 1578 infundentes

264 1609 349 1645 sibi.
404 1607 618 1659 porphyrio
645 1607 749 1645 solus
786 1621 918 1644 morsu
951 1607 1065 1643 bibit.
1121 1606 1227 1643 idem
1261 1610 1322 1642 est
1356 1618 1442 1655 pro-

264 1675 349 1722 prio
376 1685 539 1722 genere,
566 1685 727 1709 omnem
755 1673 887 1709 cibum
916 1684 1019 1721 aqua
1046 1670 1213 1707 subinde
1240 1671 1442 1720 tinguens,

264 1736 410 1774 deinde
452 1736 557 1787 pede
602 1736 652 1773 ad
696 1741 869 1773 rostrum
912 1735 1034 1772 veluti
1078 1747 1199 1771 manu
1242 1733 1440 1770 adferens.

266 1800 525 1837 laudatissimi
545 1803 587 1837 in
608 1801 902 1851 Commagene3
939 1805 1065 1837 rostra
1085 1798 1144 1835 his
1167 1804 1208 1836 et
1227 1797 1440 1849 praelonga

264 1877 377 1901 crura
395 1866 552 1902 rubent.

776 2053 792 2068 ⁶
817 2049 871 2079 III
892 2050 962 2080 151.

265 2125 335 2162 374
