1482 2312
419 129 583 167 PLINY
597 144 606 167 ε
657 130 692 166 N
695 130 918 168 ATURAL
954 128 1189 166 HISTORY

224 237 388 268 ventum
415 237 475 268 est
500 245 631 269 rursus
657 231 777 282 fugae
802 231 999 281 praesidia
1025 236 1277 280 repetentes:
1316 228 1390 266 hoc

226 301 269 338 fit
291 303 469 338 intestini
492 300 626 337 dolore
647 307 732 337 tam
753 301 895 337 infirmi
918 307 962 337 ut
984 303 1065 337 ictu
1087 300 1162 336 levi
1184 305 1392 349 rumpatur

145 376 204 406 114
224 373 340 407 intus.
397 369 556 419 fugiunt
576 376 712 406 autem
730 370 880 406 latratu
899 383 1041 406 canum
1063 369 1198 406 audito
1218 368 1392 406 secunda

224 451 381 488 semper
413 452 522 482 aura,
554 445 598 475 ut
632 441 799 489 vestigia
831 452 920 475 cum
953 441 1045 488 ipsis
1078 439 1238 475 abeant.
1293 437 1391 474 mul-

224 514 365 545 centur
380 507 512 545 fistula
527 508 717 557 pastorali
733 513 773 544 et
788 513 921 544 cantu.
976 521 1066 544 cum
1083 520 1246 544 erexere
1263 520 1391 551 aures,

225 580 401 614 acerrimi
429 583 519 614 sunt
546 577 718 620 auditus,
743 591 832 613 cum
858 580 1059 621 remisere,
1085 576 1202 614 surdi.
1257 582 1392 613 cetero

225 647 371 683 animal
395 647 562 696 simplex
589 652 630 683 et
656 650 831 683 omnium
857 660 988 683 rerum
1014 646 1201 683 miraculo
1227 652 1392 695 stupens

226 719 265 752 in
296 722 456 752 tantum
490 722 533 752 ut
568 729 670 766 equo
703 723 772 752 aut
806 716 949 752 bucula
982 716 1199 752 accedente
1232 718 1391 765 propius

225 785 425 822 hominem
441 789 552 821 iuxta
569 791 782 822 venantem
796 798 874 822 non
889 791 1054 822 cernant
1069 791 1152 829 aut,
1167 787 1198 822 Si
1212 791 1392 829 cernant,

226 868 359 891 arcum
379 858 507 904 ipsum
524 859 772 905 sagittasque
790 857 995 891 mirentur.
1050 857 1175 891 maria
1191 860 1393 891 trameant

225 927 423 974 gregatim
439 930 581 961 nantes
598 930 780 973 porrecto
797 924 932 961 ordine
950 930 990 961 et
1006 927 1139 973 capita
1155 927 1392 973 inponentes

225 994 550 1042 praecedentium
592 994 771 1030 clunibus
814 994 1041 1043 vicibusque
1084 993 1135 1030 ad
1175 999 1292 1044 terga
1333 1007 1392 1030 re-

225 1063 415 1099 deuntes:
467 1062 540 1099 hoc
576 1066 749 1099 maxime
787 1069 949 1099 notatur
985 1076 1007 1098 a
1045 1062 1180 1100 Cilicia
1216 1062 1391 1113 Cyprum

224 1132 520 1175 traicientibus;
565 1145 637 1169 nec
676 1132 811 1169 vident
848 1138 989 1176 terras,
1018 1132 1088 1169 sed
1124 1135 1163 1168 in
1202 1132 1391 1169 odoreml

144 1207 204 1237 115
225 1214 359 1238 earum
415 1208 569 1238 natant.
637 1215 783 1239 cornua
838 1215 966 1238 mares
1021 1201 1186 1246 habent,
1239 1201 1391 1251 solique

225 1271 453 1307 animalium
480 1271 660 1308 omnibus
688 1274 799 1308 annis
819 1277 926 1308 stato
954 1274 1053 1308 veris
1072 1277 1254 1321 tempore
1275 1274 1390 1308 amit-

225 1346 339 1383 tunt3
375 1340 464 1376 ideo
487 1340 559 1377 sub
582 1343 657 1377 ista
679 1340 743 1377 die
767 1353 886 1390 quam
909 1343 1081 1377 maxime
1104 1343 1208 1377 inw'a
1229 1346 1387 1390 petunt.

224 1409 353 1446 latent
387 1412 537 1446 amissis
571 1410 679 1446 velut
714 1413 897 1454 inermes,
931 1410 1000 1447 sed
1035 1416 1076 1447 et
1108 1409 1147 1446 hi
1181 1410 1285 1447 bono
1318 1423 1388 1447 suo

225 1479 468 1516 invidentes:
526 1479 712 1515 dextrum
754 1493 873 1516 cornu
916 1485 1066 1530 negant
1109 1482 1273 1517 inveniri
1316 1493 1390 1517 ceu

225 1548 516 1585 medicamento
553 1548 684 1598 aliquo
720 1549 968 1598 praeditum3
1019 1549 1138 1599 idque
1175 1549 1390 1586 mirabilius

224 1617 431 1654 fatendum
464 1623 523 1654 est
554 1631 643 1654 cum
675 1624 715 1654 et
745 1621 784 1654 in
823 1621 975 1655 vivariis
1012 1624 1171 1655 mutent
1209 1618 1389 1656 omnibus

225 1689 358 1730 annis;
399 1686 530 1724 defodi
559 1687 609 1723 ab
635 1690 680 1724 iis
707 1693 864 1736 putant.
919 1690 1072 1724 accensi
1100 1694 1236 1725 autem
1262 1691 1387 1725 utrius

225 1755 348 1792 libeat
401 1756 520 1792 odore
572 1756 790 1794 comitiales
843 1757 967 1794 morbi
1021 1756 1385 1807 deprehenduntur.

146 1830 204 1861 116
225 1825 366 1861 indicia
390 1838 547 1875 quoque
571 1829 715 1862 aetatis
739 1829 778 1862 in
799 1826 874 1863 illis
898 1832 1057 1876 gerunt,
1080 1826 1252 1876 singulos
1276 1829 1387 1864 annis

227 1894 486 1931 adicientibus
530 1907 658 1931 ramos
704 1908 828 1945 usque
873 1895 924 1932 ad
968 1908 1185 1940 sexennes;
1244 1896 1294 1933 ab
1340 1909 1387 1933 eo

660 1981 671 1998 ¹
695 1981 791 2012 Galen
806 1993 813 2013 :
837 1981 949 2012 odore.

227 2026 271 2062 82
