1482 2312
145 422 186 452 52

145 1092 185 1122 53

144 1458 186 1487 54

414 128 579 166 PLINY
595 142 603 165 :
654 127 916 165 NATURAL
951 127 1186 166 HISTORY

212 236 327 283 petit.
365 245 455 269 eum
467 244 559 268 vero
573 233 639 280 qui
652 230 779 267 telum
793 230 954 280 quidem
967 233 1119 267 miserit
1132 230 1201 267 sed
1215 244 1293 267 non
1305 231 1386 268 vul-

213 296 412 331 neraverit
427 298 654 341 correptum
670 297 927 341 rotatumque
943 294 1086 329 sternit
1101 304 1174 328 nec
1191 291 1385 329 vulnerat.

212 368 302 392 cum
319 368 388 404 pro
403 353 544 391 catulis
560 353 645 390 feta
660 353 838 396 dimicat,
853 352 1055 389 oculorum
1071 355 1197 389 aciem
1215 353 1388 390 traditur

212 416 388 466 defigere
410 418 449 451 in
470 420 619 451 terram
648 427 698 450 ne
720 413 917 450 venabula
946 419 1198 462 expavescat.
1253 420 1387 451 cetero

212 477 312 514 dolis
333 482 471 513 carent
495 481 536 512 et
559 477 796 524 suspicione,
818 488 891 511 nec
913 475 1015 511 limis
1038 478 1246 511 intuentur
1268 475 1387 513 oculis

212 540 414 588 aspicique
443 537 559 574 simili
587 536 704 574 modo
733 536 886 572 nolunt.
941 536 1137 572 creditum
1167 541 1228 573 est
1257 549 1279 572 a
1307 549 1388 573 mo-

213 602 342 636 riente
391 598 556 635 humum
605 597 776 634 morderi
825 597 1110 646 lacrimamque
1161 598 1240 634 leto
1289 597 1386 634 dari.

213 666 336 709 atque
383 658 455 696 hoc
501 659 584 695 tale
630 664 796 708 tamque
831 671 994 695 saevum
1030 658 1178 694 animal
1211 664 1388 694 rotarum

212 721 326 757 orbes
351 722 579 757 circumacti
605 732 822 769 currusque
847 722 985 756 inanes
1013 725 1053 756 et
1079 719 1388 769 gallinaceorum

211 785 356 818 cristae
379 787 602 830 cantusque
628 783 750 817 etiam
776 783 902 830 magis
926 786 1095 824 terrent,
1120 780 1190 817 sed
1215 783 1388 817 maxime

212 845 336 892 ignes.
393 841 686 892 aegritudinem
715 841 864 878 fastidii
893 847 1053 878 tantum
1083 844 1221 885 sentit,
1245 844 1284 878 in
1311 855 1388 891 qua

212 903 397 940 medetur
412 906 446 939 ei
460 902 717 946 contumelia,
731 905 770 938 in
783 903 935 939 rabiem
950 908 1097 952 agente
1111 902 1357 939 adnexarum
1372 902 1386 925 1

212 964 371 1001 lascivia
381 967 584 1001 simiarum
599 976 608 1007 3
633 969 819 1013 gustatus
832 963 977 1000 deinde
989 966 1148 1014 sanguis
1161 966 1199 1000 in
1212 964 1388 1001 remedio

212 1031 285 1062 est.

263 1085 351 1122 XX.
382 1085 562 1122 Leonum
615 1085 731 1123 simul
783 1085 955 1135 plurium
1008 1099 1184 1136 pugnam
1237 1086 1387 1124 Romae

212 1149 395 1196 princeps
423 1147 535 1184 dedit
558 1146 605 1193 Q.
629 1146 820 1183 Scaevola
840 1146 883 1183 P.
907 1146 932 1183 f.
955 1149 995 1182 in
1015 1147 1139 1183 curuli
1167 1147 1387 1192 aedilitate,

215 1214 377 1245 centum
406 1214 544 1245 autem
574 1208 802 1244 iubatorum
831 1210 980 1257 primus
1000 1211 1176 1245 omnium
1198 1208 1242 1245 L.
1264 1208 1387 1253 Sulla,

216 1272 282 1319 qui
327 1275 469 1319 postea
507 1269 679 1306 dictator
716 1268 807 1313 fuit,
840 1272 879 1305 in
913 1275 1125 1318 praetura3
1172 1275 1262 1319 post
1297 1283 1386 1307 eum

213 1330 425 1380 Pompeius
470 1330 644 1380 Magnus
687 1333 727 1366 in
763 1333 865 1367 circo
903 1343 964 1374 Dc,
1001 1333 1041 1366 in
1078 1333 1123 1367 iis
1161 1331 1386 1368 iubatorum

213 1405 340 1435 CCCXV,
361 1391 508 1428 Caesar
527 1391 700 1428 dictator
718 1404 815 1428 cccc.

263 1452 373 1489 XXI.
402 1452 557 1502 Capere
602 1465 667 1489 eos
711 1452 823 1489 ardui
869 1458 956 1489 erat
1000 1452 1200 1502 quondam
1244 1458 1386 1503 operis,

211 1513 415 1563 foveisque
445 1516 631 1550 maxime.
686 1516 910 1562 principatu
941 1513 1095 1550 Claudii
1125 1528 1238 1551 casus
1268 1518 1386 1552 ratio-

212 1588 303 1611 nem
337 1575 471 1612 docuit
505 1574 734 1624 pudendam
778 1587 907 1623 paene
949 1575 1041 1612 talis
1084 1574 1193 1612 ferae
1227 1579 1385 1613 nomine

211 1641 412 1684 pastorem
422 1635 437 1658 2
450 1635 676 1679 Gaetuliae,
689 1648 785 1685 sago
799 1641 938 1672 contra
954 1638 1174 1686 ingruentis
1189 1639 1384 1686 impetum

212 1696 382 1740 obiecto,
426 1696 532 1746 quod
574 1696 846 1745 spectaculum
890 1699 929 1733 in
972 1695 1161 1733 harenam
1205 1701 1384 1747 protinus

394 1783 404 1801 ¹
429 1782 650 1813 adversarum
667 1783 715 1812 vel
730 1782 932 1813 adnixarum
950 1782 1019 1814 edd.

391 1825 404 1843 ²
426 1824 588 1864 Dellessen
605 1836 611 1855 :
637 1828 773 1865 pastore
789 1825 1005 1865 (<a>pastore
1021 1825 1062 1856 M
1064 1825 1199 1866 ayhoff).

480 1935 495 1950 α
517 1930 696 2005 Οῗῃῖἔιὲξ
711 1939 776 2005 {g
788 1975 831 2005 45
894 1973 915 2005 d
930 1931 973 2006 42
985 1932 1025 1963 93
1043 1941 1109 1965 Μ’

626 1997 635 2011 ,
696 1997 704 2011 ‚
765 1998 773 2011 ,
848 1984 892 2006 an
989 1983 1055 2007 Β.οι

212 2041 257 2073 40
