1482 2312
112 680 170 712 141

112 1065 172 1096 142

112 1451 171 1481 143

396 188 561 226 PLINY
577 203 585 225 ι
636 189 672 226 N
675 190 898 226 ATURAL
936 189 1170 227 HISTORY

199 292 445 329 ardeolarum
460 292 524 328 in1
540 305 687 342 genere
703 306 800 342 quos
817 293 945 329 leucos
962 300 1103 329 vocant
1119 293 1242 329 altero
1258 292 1367 329 oculo

199 370 332 393 carere
350 356 528 399 tradunt,
547 358 687 406 optimi
706 359 844 407 auguri
863 370 953 392 cum
972 356 1021 392 ad
1040 362 1217 392 austrum
1235 356 1366 392 volent

200 423 585 471 septentrionemve3
645 420 738 457 solvi
785 423 890 456 enim
935 420 1109 470 pericula
1153 426 1194 457 et
1238 426 1367 457 metus

199 491 371 521 narrant.
428 484 608 534 Nigidius
644 497 718 521 nec
754 483 926 528 locustis,
960 484 1104 521 cicadis
1140 497 1224 520 esse
1259 484 1366 520 dicit.

199 548 339 585 cocleis
363 549 563 585 oculorum
586 551 713 585 vicem
736 548 932 585 cornicula
955 548 1048 584 bina
1069 553 1367 598 praetemptatu

199 612 377 662 implent.
433 626 505 649 nec
525 611 724 649 lumbricis
743 611 808 648 ulli
835 618 926 649 sunt
953 615 1193 648 vermiumve
1219 614 1366 662 generi.

248 676 358 712 LIII.
389 676 502 714 Oculi
532 675 679 712 homini
708 682 868 712 tantum
891 676 1044 713 diverso
1065 676 1206 719 colore,
1227 678 1368 712 ceteris

198 743 238 776 in
253 754 322 777 suo
335 743 477 790 cuique
493 753 639 791 genere
656 740 813 777 similes.
871 746 911 777 et
926 753 1116 790 equorum
1133 739 1367 790 quibusdam

198 804 349 855 glauci;
402 804 472 841 sed
510 807 549 840 in
587 804 745 841 homine
785 806 1127 841 numerosissimae
1167 805 1368 840 varietatis

198 875 319 918 atque
353 868 614 913 differentiae,
649 869 891 919 grandiores,
924 868 1082 911 modici,
1115 870 1246 918 parvi3
1283 880 1368 917 pro-

197 935 394 969 minentes
420 946 516 983 quos
536 932 761 969 hebetiores
776 939 936 982 putant,
951 932 1098 969 conditi
1119 943 1216 981 quos
1236 930 1368 968 claris-

197 999 294 1033 sime
317 1010 492 1041 cernere,
515 999 628 1033 sicuti
646 997 660 1020 '²
683 997 810 1033 colore
833 999 1022 1046 caprinos.

247 1061 349 1097 LIV.
380 1060 593 1098 Praeterea
615 1060 678 1097 alii
699 1067 940 1097 contuentur
961 1060 1188 1110 longinqua,
1210 1060 1274 1096 alii
1295 1062 1366 1096 nisi

197 1138 318 1175 prope
340 1125 502 1162 admota
522 1139 600 1161 non
621 1131 799 1161 cernunt.
855 1125 1070 1161 multorum
1092 1127 1194 1161 visus
1215 1123 1368 1174 fulgore

197 1189 286 1226 solis
317 1196 487 1233 constat,
520 1189 653 1226 nubilo
686 1189 751 1225 die
784 1202 861 1225 non
894 1191 1142 1225 cernentium
1175 1201 1247 1224 nec
1279 1193 1368 1238 post

196 1266 378 1297 occasus;
437 1253 499 1290 alii
544 1253 716 1290 interdiu
762 1252 1000 1296 hebetiores,
1046 1258 1166 1289 noctu
1209 1258 1368 1302 praeter

197 1324 349 1354 ceteros
387 1324 566 1354 cernunt.
621 1317 672 1354 de
709 1319 876 1367 geminis
914 1316 1084 1367 pupillis,
1122 1322 1190 1353 aut
1228 1317 1367 1366 quibus

196 1384 300 1418 noxii
328 1385 430 1418 visus
457 1387 603 1425 essent,
625 1384 720 1418 satis
749 1381 950 1418 diximusss
1007 1383 1107 1417 caesi
1133 1383 1171 1416 in
1193 1381 1368 1417 tenebris

194 1445 386 1483 clariores.
443 1445 575 1483 ferunt
607 1446 663 1482 Ti.
720 1445 890 1488 Caesari,
923 1458 995 1482 nec
1038 1445 1101 1481 alii
1143 1447 1367 1495 genitorum

195 1509 435 1554 mortalium,
458 1509 577 1547 fuisse
606 1515 788 1546 naturam
818 1509 888 1546 ut4
917 1508 1220 1559 expergefactus
1248 1514 1367 1545 noctu

195 1574 401 1624 paulisped
461 1573 559 1610 haut
615 1573 690 1610 alio
751 1573 868 1610 modo
938 1586 1055 1623 quam
1122 1572 1206 1609 luce
1264 1572 1368 1609 clara

195 1644 451 1675 contueretur
468 1641 612 1682 omnia,
627 1637 820 1688 paulatim
838 1638 1013 1674 tenebris
1032 1650 1117 1674 sese
1137 1636 1365 1673 obducenti-

197 1702 280 1738 bus.
337 1702 426 1738 divo
464 1703 648 1753 Augusto
690 1715 880 1752 equorum
920 1701 1036 1738 modo
1075 1701 1200 1751 glauci
1242 1700 1366 1744 fuere,

197 1779 392 1816 superque
413 1766 615 1803 hominem
635 1766 842 1802 albicantis
862 1765 1159 1815 magnitudinis,
1179 1778 1297 1815 quam
1316 1765 1366 1801 ob

325 1862 337 1881 ²
360 1863 394 1893 in
410 1862 484 1893 add.
503 1862 609 1902 Silliy.
850 1861 861 1879 ²
885 1861 1058 1900 Maylzoff:
1084 1861 1172 1891 sicut,
1187 1861 1230 1891 in.

327 1904 340 1923 ³
363 1905 442 1936 VII.
464 1906 513 1936 16.
848 1903 862 1922 ⁴
885 1907 923 1935 ut
939 1903 1012 1934 add.
1031 1903 1098 1934 edd.

494 2040 507 2052 ‘¹
531 2036 589 2067 I.e.
609 2041 726 2075 egrets.
1006 2032 1017 2049 ⁰
1042 2033 1119 2064 VII.
1141 2033 1188 2064 16.

192 2108 262 2144 5²0
