1482 2312
414 180 582 219 PLINY
597 195 605 220 :
657 183 920 220 NATURAL
958 183 1194 221 HISTORY

217 285 368 323 Gallico
381 285 571 322 vocabulo
585 288 707 322 etiam
720 285 866 335 legioni
879 299 1025 323 nomen
1033 287 1201 324 dederat
1211 288 1389 325 alaudae.

132 344 193 374 12⁰
217 339 388 375 diximus
424 344 466 376 et
500 342 562 376 cui
591 339 809 389 plicatilem
837 342 998 376 cristam
1027 340 1205 377 dedisset
1234 347 1390 378 natura.

216 406 288 442 per
310 392 488 429 medium
510 398 632 442 caput
656 406 678 428 a
701 398 828 429 rostro
851 393 1096 430 residentem
1120 399 1162 430 et
1185 393 1391 431 fulicarum

216 448 355 494 generi
392 446 518 490 dedit,
556 448 674 482 cirros
712 448 800 495 pico
839 459 997 496 quoque
1038 446 1188 483 Martio
1226 453 1268 484 et
1305 450 1391 497 grui

217 499 458 543 Balearicae,
489 499 560 536 sed
591 502 929 548 spectatissimum
963 502 1118 549 insigne
1152 500 1393 550 gallinaceis,

216 565 464 602 corporeum,
503 558 722 595 serratum3
776 566 848 589 nec
887 566 1047 590 carnem
1085 553 1156 590 idl
1195 567 1281 590 esse
1320 567 1394 591 nec

217 606 494 656 cartilaginem
540 619 613 642 nec
660 605 803 642 callum
850 608 934 643 iure
981 606 1212 651 dixerimus,
1258 620 1394 644 verum

217 659 416 709 peculiare
467 659 630 696 datum:
695 659 910 696 draconum
962 662 1068 696 enim
1129 662 1267 697 cristas
1328 663 1392 711 qui

217 713 361 749 viderit
385 726 463 749 non
487 715 696 762 reperitur.

130 771 191 802 123
267 766 388 802 XLV.
420 766 577 802 Cornua
616 766 751 803 multis
792 766 955 816 quidem
996 772 1038 803 et
1077 766 1314 816 aquatilium
1354 773 1396 804 et

216 822 459 856 marinorum
493 825 535 856 et
568 822 816 869 serpentium
850 822 965 856 variis
999 819 1095 856 data
1128 825 1221 857 sunt
1254 820 1395 864 modis,

217 873 288 910 sed
327 886 430 923 quae
469 875 553 909 iure
592 886 740 909 cornua
777 873 1066 923 intellegantur
1103 873 1395 923 quadripedum

216 932 377 963 tantum
405 929 566 977 generi;
610 927 859 963 Actaeonem
889 929 1009 971 enim,
1030 932 1072 963 et
1102 926 1245 976 Cipum
1274 929 1396 964 etiam

218 982 257 1016 in
288 980 405 1016 Latia
440 979 618 1024 historia,
647 979 846 1016 fabulosos
880 993 980 1016 reor.
1035 993 1109 1016 nec
1144 980 1236 1017 alibi
1273 982 1397 1017 maior

217 1039 386 1070 naturae
424 1033 605 1075 lascivia3
658 1033 751 1070 lusit
790 1033 1021 1070 animalium
1058 1035 1198 1070 armis:
1251 1036 1395 1083 sparsit

216 1086 315 1124 haec
344 1089 383 1123 in
412 1100 555 1131 ramos,
584 1092 630 1123 ut
658 1100 878 1130 cervorum,
908 1086 992 1123 aliis
1021 1087 1214 1136 simplicia
1241 1087 1396 1131 tribuit,

217 1146 262 1177 ut
304 1143 344 1176 in
386 1140 529 1177 eodem
571 1154 719 1190 genere
763 1140 1021 1177 subulonibus
1064 1154 1114 1177 ex
1157 1146 1395 1190 argumento

217 1194 347 1237 dictis,
386 1194 551 1230 aliorum
589 1193 694 1230 fudit
731 1196 771 1230 in
808 1194 960 1243 palmas
998 1193 1226 1244 digitosque
1265 1196 1396 1231 emisit

132 1252 193 1283 124
219 1261 267 1284 ex
309 1247 381 1292 his,
422 1247 528 1284 unde
568 1247 839 1297 platycerotas
879 1253 1034 1284 vocant.
1090 1247 1203 1284 dedit
1241 1260 1397 1284 ramosa

216 1303 368 1350 capreis
397 1301 467 1337 sed
495 1314 631 1350 parva,
660 1314 733 1337 nec
761 1300 857 1337 fecit
885 1300 1077 1343 decidua3
1119 1300 1331 1337 convoluta
1357 1303 1396 1336 in

215 1354 441 1391 anfractum
495 1357 665 1391 arietum
718 1357 870 1404 generi,
923 1367 998 1391 ceu
1049 1360 1207 1391 caestus
1261 1353 1396 1398 daret3

218 1408 365 1445 infesta
405 1411 623 1444 tauris—in
659 1407 732 1444 hoc
772 1407 935 1458 quidem
973 1421 1123 1457 genere
1160 1413 1203 1444 et
1238 1407 1396 1444 feminis

216 1462 371 1505 tribuit,
408 1464 448 1497 in
485 1462 620 1498 multis
657 1467 818 1498 tantum
856 1462 1053 1504 maribus;
1104 1463 1320 1511 rupicapris
1357 1463 1396 1497 in

217 1515 377 1552 dorsum
399 1515 567 1559 adunca,
587 1515 756 1552 dammis
776 1518 815 1551 in
837 1515 1069 1557 adversum3
1105 1520 1240 1551 erecta
1259 1520 1395 1551 autem

710 1626 721 1644 ¹
747 1626 839 1657 edd.:
866 1626 924 1656 ita.

259 1767 272 1781 ⁰
296 1763 422 1793 Raised
450 1763 495 1803 by
522 1762 646 1794 Caesar
672 1762 705 1792 in
739 1761 836 1798 Gaul,
864 1765 901 1792 at
932 1761 984 1792 his
1010 1771 1085 1792 own
1110 1771 1265 1802 expense.
1322 1761 1396 1791 Pre-

212 1806 370 1846 sumably
387 1816 407 1836 a
422 1806 553 1837 crested
570 1805 643 1836 lark
660 1816 729 1835 was
745 1805 802 1836 the
819 1809 906 1835 crest
923 1815 967 1835 on
984 1805 1028 1835 its
1043 1804 1198 1835 helmets.

257 1849 269 1868 b
292 1850 352 1880 See
370 1849 414 1880 X.
430 1849 483 1880 68.

257 1897 268 1911 ⁰
289 1893 361 1924 The
378 1892 477 1923 black
494 1892 727 1932 woodpecker.

257 1934 272 1953 ἆ
295 1935 448 1966 Actaeon
471 1946 540 1966 was
563 1939 641 1966 torn
665 1938 701 1965 to
724 1935 835 1975 picces
860 1934 905 1974 by
929 1934 981 1965 his
1004 1933 1138 1964 hounds
1160 1933 1249 1964 after
1271 1932 1398 1973 having

212 1989 290 2010 seen
322 1979 434 2009 Diana
465 1977 620 2018 bathing.
668 1978 772 2018 Cipus
802 1987 872 2008 was
901 1987 921 2007 a
950 1976 1068 2007 sabled
1097 1976 1233 2007 Roman
1263 1979 1398 2017 praetor

211 2022 286 2052 who
304 2021 472 2061 suddenly
489 2031 577 2062 grew
594 2021 696 2051 horus
712 2033 719 2051 :
751 2019 850 2051 Ovid.
869 2019 952 2051 Met.
971 2021 1021 2051 15.
1038 2019 1112 2051 565.

250 2069 267 2091 ,θ
289 2064 418 2095 Fa-llow
436 2063 524 2094 decr.

218 2127 286 2172 508
