1482 2312
91 387 155 419 272

93 710 155 741 273

97 1112 159 1144 274

100 1897 163 1928 275

379 118 545 155 PLINY
560 132 568 155 :
620 118 882 155 NATURAL
919 117 1154 156 HISTORY

175 223 280 272 ipsos
327 234 486 271 quoque
529 220 709 258 homines
753 220 964 257 discrimen
1007 219 1179 257 alterum
1222 233 1351 270 aeque

174 301 326 353 grande
346 315 466 352 quam
485 314 508 337 a
526 301 654 338 beluis
672 300 780 337 fecit.

224 382 373 419 CXIII.
405 381 591 418 Membra
621 381 857 418 animalibus
886 386 1036 431 agnata
1063 380 1221 417 inutilia
1245 386 1353 424 sunt,

177 465 279 500 sicut
324 468 462 499 sextus
505 461 652 498 homini
700 475 858 511 semper
904 461 1064 512 digitus.
1119 460 1268 510 placuit
1313 463 1353 497 in

178 543 367 593 Aegypto
385 545 537 579 nutrire
556 548 802 591 portentum,
820 541 922 578 binis
941 547 982 578 et
1000 544 1039 577 in
1058 554 1195 578 aversa
1212 543 1353 591 capitis

177 629 293 673 parte
316 623 437 660 oculis
461 622 677 665 hominem,
700 622 771 659 sed
795 625 839 658 iis
864 635 942 658 non
965 627 1208 658 cernentem.

226 703 366 740 CXIV.
413 703 537 740 Miror
580 703 766 753 equidem
812 702 1070 739 Aristotelem
1115 715 1192 739 non
1236 701 1354 738 modo

178 785 391 822 credidisse
425 786 620 834 praescita
651 786 756 820 vitae
786 797 872 820 esse
901 783 1034 833 aliqua
1061 785 1100 818 in
1129 783 1355 832 corporibus

178 868 272 915 ipsis
289 879 424 902 verum
442 867 563 901 etiam
586 864 815 914 prodidisse.
871 877 974 914 quae
991 875 1234 913 quamquam
1255 876 1356 899 vana

180 948 379 989 existimo,
407 959 480 982 nec
508 948 592 982 sine
619 947 875 981 cunctatione
904 943 1141 994 proferenda
1169 957 1219 980 ne
1247 945 1287 979 in
1314 956 1357 980 se

180 1030 348 1077 quisque
373 1039 419 1063 ea
444 1029 610 1076 auguria
634 1028 751 1062 anxie
776 1031 958 1075 quaerat,
982 1027 1181 1074 attingam
1204 1030 1356 1067 tamen,

181 1110 273 1158 quia
314 1113 452 1144 tantus
495 1109 550 1143 vir
591 1109 628 1142 in
671 1106 858 1143 doctrinis
901 1119 978 1142 non
1019 1107 1180 1155 sprevit.
1238 1106 1357 1155 igitur

183 1191 288 1225 vitae
326 1189 454 1225 brevis
490 1191 602 1237 signa
639 1189 751 1236 ponit
788 1200 893 1223 raros
930 1186 1086 1228 dentes,
1122 1185 1358 1236 praelongos

183 1267 343 1317 digitos,
391 1265 622 1316 plumbeum
671 1265 842 1302 colorem
892 1264 1104 1314 pluresque
1152 1266 1190 1299 in
1238 1276 1358 1300 manu

184 1347 372 1381 incisuras
405 1357 476 1381 nec
508 1350 747 1393 perpetuas3
791 1349 930 1379 contra
962 1342 1105 1392 longae
1136 1355 1222 1378 esse
1254 1344 1358 1378 vitae

184 1425 363 1459 incurvos
385 1425 530 1459 umeris
553 1428 595 1458 et
616 1424 654 1457 in
677 1434 796 1458 manu
819 1434 938 1457 unam
961 1427 1031 1457 aut
1052 1420 1150 1456 duas
1172 1422 1359 1457 incisuras

186 1501 324 1551 longas
364 1500 548 1537 habentis
600 1506 641 1536 et
695 1499 826 1549 plures
877 1512 997 1549 quam
1047 1510 1150 1534 xxxu
1203 1498 1360 1542 dentes,

184 1579 343 1616 auribus
368 1578 519 1628 amplis.
576 1591 648 1614 nec
675 1580 855 1614 universa
878 1576 992 1619 haec,
1015 1582 1059 1613 ut
1083 1577 1266 1617 arbitror,
1289 1576 1358 1613 sed

189 1656 344 1707 singula
376 1657 576 1699 observat,
609 1655 763 1698 frivola,
796 1662 840 1692 ut
873 1668 974 1697 reor,
1000 1660 1041 1691 et
1075 1654 1190 1704 volgo
1223 1660 1360 1690 tamen

185 1741 357 1772 narrata.
413 1734 567 1771 addidjt
584 1747 736 1770 morum
757 1746 916 1783 quoque
933 1738 1093 1782 spectus
1111 1731 1225 1768 simili
1244 1731 1360 1768 modo

183 1813 288 1863 apud
316 1826 384 1849 nos
409 1813 560 1862 Trogus
586 1818 627 1848 et
652 1814 735 1860 ipse
761 1817 898 1847 auctor
924 1824 945 1847 e
969 1813 1237 1847 severissimis.
1263 1823 1359 1859 quos

183 1891 311 1928 verbis
333 1893 416 1927 eius
437 1891 650 1927 subiciam:
687 1890 691 1898 ยน
716 1889 837 1925 Frons
860 1889 922 1925 ubi
947 1895 1001 1925 esi
1031 1901 1174 1938 magna
1195 1900 1358 1938 segnem

185 1972 360 2007 animum
395 1969 558 2005 subesse
591 1967 803 2017 significat,
832 1967 974 2016 quibus
1005 1979 1124 2015 parva
1159 1965 1359 2007 mobilem,

182 2042 252 2084 604
