1482 2312
166 612 201 642 11

167 1142 205 1174 12

167 1462 205 1493 13

426 131 553 169 PLIN
556 132 592 169 Y
605 145 615 170 ι
664 131 925 169 NATURAL
960 130 1194 168 HISTORY

229 237 311 271 vari
330 247 426 284 quas
455 233 645 271 insederit
671 239 805 283 partes
835 239 890 276 et,
910 235 940 270 si
969 232 1118 270 diutius
1145 237 1394 282 permaneat,

230 290 350 324 etiam
381 289 516 337 mergi.
571 287 728 323 Tiberio
756 289 931 336 principe
951 291 1088 323 contra
1118 285 1394 335 Lugdunensis

230 343 452 390 provinciae
491 340 582 376 litus
620 342 659 376 in
693 339 818 376 insula
847 339 960 377 simul
989 344 1190 375 trecentas
1228 338 1394 388 amplius

230 393 366 430 beluas
387 395 631 442 reciprocans
651 392 832 430 destituit
855 405 1024 429 oceanus
1048 394 1170 428 mirae
1192 393 1394 428 varietatis

232 453 274 484 et
301 446 600 496 magnitudinis,
629 459 701 482 nec
730 447 934 495 pauciores
962 447 1002 481 in
1031 444 1251 481 Santonum
1280 444 1393 481 litore

230 502 414 549 interque
454 499 623 548 reliquas
663 498 895 548 elephantos
935 504 976 535 et
1012 501 1156 534 arietes
1194 497 1395 535 candore1

230 558 389 589 tantum
409 553 591 589 cornibus
618 551 877 595 adsimulatis,
903 551 1094 588 Nereidas
1120 563 1211 587 vero
1236 550 1392 587 multas.

230 605 442 642 Turranius
477 605 651 655 prodidit
687 604 891 655 expulsam
926 604 1085 641 beluam
1121 606 1159 640 in
1196 604 1395 640 Gaditano

229 658 344 696 litore
366 661 475 695 cuius
496 660 601 695 inter
623 657 720 695 duas
742 660 881 708 pinnas
904 657 1067 694 ultimae
1089 656 1239 694 caudae
1261 657 1396 694 cubita

230 712 403 749 sedecim
454 710 635 756 fuissent,
676 711 818 748 dentes
870 711 1047 748 eiusdem
1100 723 1182 754 cxx,
1234 712 1395 747 maximi

230 764 483 802 dodrantium
521 778 719 808 mensura,
752 766 901 801 minimi
941 763 1200 814 semipedum.
1253 763 1396 801 beluae

230 821 292 855 cui
346 818 553 855 dicebatur
603 820 784 868 exposita
833 817 953 854 fuisse
1003 816 1260 854 Andromeda
1309 829 1397 853 ossa

230 871 380 908 Romae
405 877 617 922 apportata
637 884 686 908 ex
708 870 853 921 oppido
875 870 1048 907 Iudaeae
1074 870 1196 921 Ioppe
1221 869 1397 907 ostendit

229 927 334 961 inter
359 924 510 971 reliqua
536 923 723 961 miracula
749 927 787 960 in
814 923 1020 961 aedilitate
1046 937 1116 960 sua
1145 923 1201 960 M.
1229 922 1396 960 Scaurus

230 976 478 1028 longitudine
508 978 655 1028 pedum
683 990 742 1022 XL,
772 977 983 1014 altitudine
1014 983 1211 1014 costarum
1242 976 1397 1013 Indicos

230 1030 464 1081 elephantos
503 1031 739 1075 excedente,
777 1033 913 1080 spinae
950 1030 1210 1067 crassitudine
1248 1032 1397 1080 sesqui-

229 1084 374 1134 pedali.

282 1137 328 1174 V.
356 1136 554 1174 Balaenae
591 1143 633 1174 et
668 1139 707 1173 in
744 1143 878 1174 nostra
914 1139 1038 1173 maria
1072 1141 1299 1187 penetrant.
1356 1138 1395 1172 in

231 1189 432 1227 Gaditano
466 1203 614 1227 oceano
648 1203 725 1227 non
761 1196 854 1227 ante
893 1191 1073 1227 brumam
1115 1191 1284 1240 conspici
1330 1202 1396 1226 eas

229 1243 409 1287 tradunt,
428 1244 543 1281 condi
563 1249 698 1281 autem
718 1246 882 1280 aestatis
901 1244 1146 1294 temporibus
1165 1245 1205 1279 in
1224 1242 1397 1293 quodam

231 1299 317 1333 sinu
346 1297 500 1347 placido
530 1303 571 1334 et
599 1299 748 1347 capaci,
777 1299 873 1334 mire
902 1296 1125 1347 gaudentes
1153 1297 1205 1333 ibi
1235 1308 1397 1346 parere;

230 1348 304 1387 hoc
329 1352 426 1387 scire
452 1364 576 1395 orcas,
600 1349 787 1387 infestam
811 1353 857 1387 iis
882 1349 1040 1387 beluam
1066 1356 1108 1386 et
1132 1352 1241 1386 cuius
1265 1351 1397 1399 imago

231 1403 338 1440 nulla
378 1406 745 1454 repraesentatione
788 1406 955 1454 exprimi
995 1405 1119 1453 possit
1160 1402 1236 1439 alia
1277 1416 1396 1452 quam

232 1459 358 1493 carnis
386 1459 604 1494 immensae
633 1457 819 1494 dentibus
847 1456 1110 1494 truculentae.
1166 1458 1398 1506 inrumpunt

232 1522 326 1560 ergo
346 1512 385 1546 in
406 1516 560 1547 secreta
579 1523 624 1546 ac
644 1510 785 1547 vitulos
807 1523 941 1547 earum
965 1516 1034 1546 aut
1052 1509 1155 1546 fetas
1178 1509 1238 1546 vel
1259 1511 1398 1546 etiam-

231 1576 326 1599 num
372 1563 554 1613 gravidas
599 1563 800 1600 lancinant
852 1577 997 1607 morsu,
1043 1565 1279 1612 incursuque
1324 1575 1398 1599 ceu

233 1616 533 1653 Liburnicarum
563 1619 697 1653 rostris
727 1616 895 1654 fodiunt.
952 1615 1042 1653 illae
1072 1615 1123 1653 ad
1151 1615 1299 1653 flexum
1327 1618 1398 1652 im-

231 1669 410 1714 mobiles,
444 1670 493 1706 ad
527 1670 830 1720 repugnandum
863 1672 1010 1707 inertes
1044 1675 1086 1706 et
1119 1668 1294 1719 pondere
1327 1682 1398 1706 suo

231 1729 433 1767 oneratae,
464 1729 559 1761 tunc
589 1723 750 1774 quidem
781 1729 822 1761 et
855 1729 970 1760 utero
999 1735 1139 1774 graves
1168 1721 1398 1773 pariendive

690 1834 703 1853 ²
725 1835 777 1865 v.l.
794 1838 939 1865 tumore.

278 1957 292 1971 ⁰
316 1951 479 1992 Emperor
494 1961 565 1984 ΑΛ).
584 1952 700 1983 14-37.

280 1996 292 2014 ⁶
314 1994 430 2026 Aedile
444 1996 486 2026 58
503 2004 581 2032 B.c.,
597 2004 658 2026 son
673 1995 708 2026 of
722 1994 768 2026 M.
784 1994 929 2027 Scaurus
945 1993 1139 2025 mentioned
1156 1993 1240 2025 VIII
1255 1994 1328 2025 223.

231 2074 297 2110 170
