1482 2312
132 528 190 558 113

132 835 191 866 114

131 1081 190 1112 115

133 1698 194 1728 116

412 174 600 212 PLINY:
653 175 916 213 NATURAL
953 174 1189 212 HISTORY

215 291 305 315 mox
327 291 461 323 uruca,
482 291 585 328 quae
609 278 774 315 adiectis
802 278 942 315 diebus
970 277 1185 322 adcrescit3
1217 277 1261 314 fit
1279 275 1294 300 ¹
1318 279 1387 314 im-

216 339 382 383 mobilis,
406 339 504 376 duro
536 342 696 384 cortice,
730 339 780 376 ad
814 345 967 376 tactum
1002 345 1161 376 tantum
1193 344 1389 383 movetur,

215 414 360 437 araneo
377 407 548 445 acereta,
566 414 686 451 quam
703 400 980 451 chrysallidem
998 400 1214 450 appellant.
1271 406 1388 450 rupto

215 462 359 499 deinde
381 475 428 499 eo
446 465 591 499 cortice
611 462 742 499 evolat
755 461 771 484 2
789 462 947 512 papilio.

266 523 496 560 XXXVIII.
526 523 588 560 Sic
617 523 815 573 quaedam
845 537 894 560 ex
923 523 1049 560 imbre
1078 529 1323 574 generantur
1350 525 1389 559 in

216 590 336 629 terra,
359 585 556 635 quaedam
581 591 622 622 et
646 588 684 621 in
709 585 826 635 ligno.
882 598 955 621 nec
979 587 1085 621 enim
1107 587 1205 621 cossi
1229 590 1388 621 tantum

215 648 254 682 in
286 659 346 690 eo,
377 646 447 683 sed
479 649 601 683 etiam
632 647 768 683 tabani
801 659 850 683 ex
882 659 929 683 eo
963 652 1180 683 nascuntur
1211 652 1252 683 et
1283 645 1389 682 alia³

215 708 454 758 ubicumque
464 721 577 745 umor
588 714 649 745 est
661 710 818 752 nimius,
831 707 1024 758 (XXXIX)
1037 710 1139 744 sicut
1152 709 1257 744 intra
1267 706 1391 743 homi-

217 782 307 806 nem
328 772 487 806 taeniae
508 772 705 806 tricenum
725 769 889 819 pedum,
909 769 1123 819 aliquando
1144 774 1186 806 et
1205 769 1391 818 plurium,

217 830 478 881 longitudine.
539 833 618 868 iam
657 833 695 867 in
734 844 852 868 carne
885 833 1069 868 exanima
1100 836 1142 867 et
1171 832 1389 867 viventium

216 906 374 942 quoque
417 892 622 929 hominum
660 892 815 942 capillo,
854 906 932 942 qua
970 891 1166 929 foeditate
1205 897 1247 929 et
1285 891 1392 928 Sulla

215 953 387 990 dictator
420 960 461 991 et
496 954 663 991 Alcman
697 967 747 991 ex
780 954 1002 991 clarissimis
1037 953 1229 990 Graeciae
1262 955 1391 1003 poetis

216 1016 362 1052 obiere.
419 1015 491 1052 hoc
528 1015 690 1065 quidem
737 1022 779 1052 et
826 1029 918 1052 aves
965 1014 1145 1060 infestat,
1180 1014 1391 1065 phasianas

215 1090 307 1114 vero
323 1079 526 1114 interemit
543 1080 616 1114 nisi
631 1077 887 1127 pulverantes
903 1090 990 1114 sese
1004 1089 1013 1120 ;
1042 1076 1140 1127 pilos
1156 1076 1392 1114 habentium

215 1141 369 1175 asinum
393 1144 552 1175 tantum
576 1142 780 1175 inmunem
804 1138 877 1175 hoc
900 1138 1004 1175 malo
1027 1138 1197 1175 credunt
1220 1143 1262 1175 et
1285 1150 1390 1175 oves.

215 1202 435 1250 gignuntur
458 1206 595 1237 autem
620 1206 661 1237 et
687 1203 807 1237 vestis
831 1213 979 1251 genere
1004 1202 1232 1250 praecipue,
1251 1199 1392 1236 lanicio

216 1264 549 1312 interemptarum
573 1275 595 1298 a
623 1262 723 1311 lupis
747 1265 891 1298 ovium.
946 1275 1069 1312 aquas
1094 1274 1253 1312 quoque
1278 1274 1392 1311 quas—

215 1323 308 1360 dam
335 1324 477 1373 quibus
503 1324 681 1360 lavemur
706 1323 916 1361 fertiliores
943 1326 1026 1361 eius
1052 1325 1210 1373 generis
1235 1325 1393 1360 invenio

216 1385 322 1434 apud
350 1391 545 1429 auctores,
573 1388 721 1435 quippe
748 1399 837 1422 cum
865 1387 988 1422 etiam
1015 1398 1129 1422 cerae
1157 1384 1197 1421 id
1222 1387 1392 1435 gignant

217 1446 323 1496 quod
348 1447 578 1483 animalium
603 1449 811 1484 minimum
832 1449 1097 1484 existimatur.
1153 1446 1229 1483 alia
1258 1458 1392 1483 rursus

215 1514 461 1558 generantur
476 1508 655 1545 sordibus
673 1522 695 1545 a
710 1508 820 1545 radio
836 1509 940 1552 solis,
955 1511 1221 1558 posteriorum
1235 1507 1393 1545 lascivia

216 1583 373 1606 crurum
402 1573 662 1619 petauristae,
691 1570 767 1607 alia
795 1570 957 1620 pulvere
986 1569 1121 1607 umido
1148 1572 1188 1606 in
1215 1572 1392 1607 cavernis

218 1631 401 1668 volucria.

269 1693 353 1730 XL.
385 1694 456 1730 Est
486 1694 630 1731 animal
661 1694 840 1732 eiusdem
868 1696 1059 1744 temporis
1087 1694 1208 1731 infixo
1236 1706 1394 1744 semper

217 1758 397 1806 sanguini
422 1759 554 1806 capite
580 1759 714 1794 vivens
739 1762 861 1807 atque
886 1759 943 1794 ita
966 1759 1249 1801 intumescens,
1270 1769 1391 1793 unum

466 1838 477 1857 ¹
501 1838 539 1869 fit
556 1843 683 1869 auctore
704 1838 928 1878 Warminsyton
943 1837 1018 1869 add.
1036 1838 1213 1869 Raclcham.

468 1881 480 1900 ²
503 1881 693 1912 Rackham:
719 1881 825 1912 volat.

469 1924 481 1942 ³
505 1924 559 1955 v.l.
575 1923 677 1955 alibi:
703 1923 787 1955 alias
802 1924 871 1955 edd.

345 2014 359 2028 ‘²
383 2010 453 2042 Our
468 2010 737 2051 eabbage-white
874 2009 886 2029 ⁶
909 2010 979 2041 The
995 2010 1111 2041 larvae
1128 2010 1164 2041 of
1178 2010 1259 2041 flies.

349 2057 360 2071 ⁰
382 2053 453 2084 The
471 2053 722 2084 clothes-moth.
874 2052 888 2071 ‘³¹
911 2053 982 2084 The
1000 2052 1008 2065 ‘
1023 2053 1136 2094 leaper
1151 2052 1170 2084 ³.

218 2108 284 2146 502
