1482 2312
125 494 185 525 189

124 1044 185 1075 190

125 1473 182 1504 191

403 141 568 179 PLINY
583 155 591 179 ε
642 141 905 179 NATURAL
940 141 1177 179 HISTORY

207 243 354 280 ferocia
379 246 462 280 eius
485 242 694 280 cohibetur
716 256 838 279 cornu
862 245 975 279 iuxta
1000 255 1135 279 aurem
1159 242 1377 280 terebrata.

206 305 350 342 dextro
396 310 503 341 teste
550 303 774 354 praeligato
821 303 990 340 feminas
1037 309 1219 353 generat,
1265 303 1378 341 laevo

207 379 347 403 mares.
403 368 580 402 tonitrua
609 365 793 401 solitariis
823 365 959 401 ovibus
989 364 1151 401 abortus
1181 364 1379 408 inferunt;

208 426 428 464 remedium
464 432 523 463 est
557 439 800 476 congregare
835 439 917 469 eas,
950 431 995 462 ut
1028 431 1146 462 coetu
1180 428 1377 463 inventur.

207 488 400 537 aquilonis
423 487 521 524 flatu
544 500 672 524 mares
695 489 846 536 concipi
869 486 1021 531 dicunt,
1043 489 1166 523 austri
1189 486 1379 531 feminas3

207 555 330 599 atque
351 552 392 585 in
414 562 460 585 eo
482 561 631 598 genere
653 551 825 584 arietum
846 550 1020 585 maxime
1042 553 1276 597 spectantur
1297 561 1379 592 ora,

207 613 301 660 quia
324 612 433 647 cuius
458 609 597 646 coloris
623 609 696 646 sub
720 609 857 659 lingua
881 608 1057 645 habuere
1083 622 1203 646 venas
1229 612 1312 646 eius
1338 615 1380 646 et

206 671 393 708 lanicium
416 674 455 707 in
477 670 564 707 fetu
587 677 662 714 est,
684 673 930 720 variumque,
952 672 983 707 si
1004 669 1137 719 plures
1159 669 1282 707 fuere.
1338 676 1380 707 et

207 735 378 770 mutatio
399 745 591 782 aquarum
611 737 810 781 potusque
831 734 970 768 variat.

259 793 403 830 Ovium
429 806 581 830 summa
608 806 757 843 genera
783 793 875 836 duo,
899 798 1054 829 tectum
1081 798 1122 830 et
1147 792 1380 837 colonicam,

205 855 304 891 illud
330 854 500 894 mollius,
526 853 599 891 hoc
627 857 666 890 in
693 867 839 903 pascuo
867 853 1090 897 delicatius,
1117 857 1264 904 quippe
1290 867 1379 891 cum

205 922 360 953 tectum
373 915 388 938 1
409 917 515 953 rubis
534 915 747 952 vescatu1·.2
801 918 1051 965 operimenta
1068 918 1123 952 eis
1138 928 1186 952 ex
1201 915 1379 952 Arabicis

204 980 431 1027 praecipue.

256 1038 446 1074 LXXIII.
480 1037 592 1074 Lana
643 1044 780 1075 autem
830 1037 1104 1075 laudatissima
1155 1038 1286 1087 Apula
1339 1045 1380 1075 et

207 1112 310 1149 quae
328 1102 367 1135 in
387 1099 505 1136 Italia
525 1099 666 1136 Graeci
685 1102 837 1149 pecoris
856 1099 1096 1149 appellatur,
1114 1099 1206 1136 alibi
1227 1099 1379 1136 Italica.

204 1164 370 1197 tertium
417 1161 546 1197 locum
596 1160 779 1197 Milesiae
826 1173 918 1197 oves
966 1163 1162 1210 optinent.
1224 1160 1380 1210 Apulae

205 1222 344 1259 breves
358 1222 448 1258 villo
461 1236 534 1260 nec
548 1225 619 1259 nisi
634 1222 812 1271 paenulis
825 1222 1002 1259 celebres
1016 1234 1024 1265 3
1047 1224 1150 1258 circa
1162 1222 1379 1258 Tarentum

206 1283 501 1333 Canusiumque
565 1297 761 1320 summam
815 1283 1067 1320 nobilitatem
1121 1282 1286 1327 habent,
1341 1285 1379 1319 in

207 1345 302 1382 Asia
329 1358 421 1382 vero
449 1345 590 1382 eodem
617 1358 766 1395 genere
795 1344 1033 1381 Laudiceae.
1088 1344 1179 1381 alba
1206 1344 1378 1381 Circum—

205 1406 370 1456 padanis
390 1407 499 1443 nulla
518 1406 758 1456 praefertur,
779 1419 851 1443 nec
870 1406 970 1443 libra
988 1412 1178 1442 centenos
1198 1419 1378 1442 nummos

205 1467 256 1504 ad
268 1467 341 1504 hoc
355 1471 440 1504 aevi
456 1471 625 1504 excessit
640 1468 733 1504 ulla.
789 1480 881 1504 oves
894 1480 973 1504 non
986 1467 1134 1517 ubique
1146 1467 1378 1511 tondentur,

206 1529 324 1565 durat
363 1529 599 1579 quibusdam
638 1532 677 1565 in
714 1529 807 1566 locis
845 1528 1015 1565 vellendi
1054 1542 1150 1566 mos.
1205 1528 1377 1565 colorum

207 1590 319 1639 plura
359 1603 523 1641 genera,
565 1593 711 1640 quippe
752 1603 842 1627 cum
883 1590 1014 1627 desint
1056 1593 1179 1626 etiam
1219 1592 1378 1626 nomina

208 1654 262 1688 eis
289 1665 385 1702 quas
410 1654 564 1688 nativas
590 1651 796 1701 appellant
821 1651 974 1701 aliquot
998 1650 1146 1688 modis:
1187 1651 1378 1700 Hispania

378 1754 390 1773 ¹
414 1754 540 1785 Brotz'er
554 1766 561 1785 :
586 1755 714 1794 quippe
730 1757 936 1785 contectum.

376 1796 389 1815 ²
412 1797 539 1837 quippe
554 1806 623 1827 non
639 1800 769 1828 tectum
783 1796 878 1827 rubis
893 1800 1038 1827 vexatur
1055 1796 1094 1827 M
1097 1795 1216 1836 aylwff.

242 1903 256 1919 ⁶
280 1899 310 1930 A
334 1897 541 1937 conjectural
566 1898 705 1939 reading
720 1899 812 1939 gives
843 1897 850 1910 ‘
865 1899 899 1929 in
923 1898 993 1929 fact
1018 1902 1079 1929 not
1103 1897 1202 1938 being
1217 1896 1375 1938 jacketed

201 1943 282 1983 they
298 1952 354 1973 are
372 1941 528 1972 troubled
543 1942 587 1982 by
603 1941 793 1973 brambles)

242 1985 253 2004 ‘³
277 1985 343 2026 Say
364 1985 401 2015 12
418 1984 578 2026 shilh'ngs.

210 2058 274 2094 13²
