1482 2312
376 158 542 196 PLINY
556 172 564 196 :
616 159 879 196 NATURAL
915 158 1152 197 HISTORY

177 265 334 301 ceteris.
387 262 478 300 huic
504 265 688 299 minimus
714 275 900 300 mensura
924 275 1010 312 par,
1035 275 1082 299 ac
1107 261 1186 299 duo
1210 261 1351 313 reliqui

179 329 266 371 sibi,
311 330 416 364 inter
462 340 559 377 quos
606 326 759 363 medius
804 327 1031 377 longissime
1086 326 1350 376 protenditur.

180 392 322 442 quibus
346 404 396 428 ex
418 393 557 441 rapina
580 393 706 427 victus
730 390 1021 441 quadripedum
1044 392 1152 440 quini
1175 390 1290 441 digiti
1312 393 1352 427 in

95 460 158 492 245
178 456 371 505 prioribus
418 455 600 505 pedibus,
642 458 682 491 in
728 454 888 505 reliquis
937 457 1134 505 quaterni.
1203 454 1353 499 leones,

179 520 275 570 lupi,
319 533 452 564 canes,
498 518 726 570 pantheral
769 521 809 555 in
865 519 1148 569 posterioribus
1194 532 1354 570 quoque

181 587 320 634 quinos
354 587 497 635 unguis
530 583 697 628 habent,
729 596 808 620 uno
841 586 956 620 iuxta
987 585 1109 620 cruris
1143 583 1353 620 articulum

180 648 460 698 dependente3
501 648 667 698 reliqua,
695 660 798 698 quae
825 653 918 685 sunt
945 650 1111 691 minora,
1139 653 1181 684 et
1207 647 1352 698 digitos

180 716 332 763 quinos.

230 777 418 814 Bracchia
431 791 509 814 non
522 777 704 814 omnibus
717 779 827 827 paria
840 788 994 820 secum;
1013 775 1198 813 Studioso
1212 775 1353 813 Threci

180 845 219 878 in
245 842 287 879 C.
314 841 493 878 Caesaris
517 841 610 878 ludo
635 847 775 878 notum
801 847 862 878 est
887 840 1097 878 dexteram
1121 840 1242 877 fuisse
1265 854 1354 891 pro-

179 909 383 943 ceriorem.

232 971 475 1008 Animalium
498 970 697 1021 quaedam
719 976 764 1007 ut
785 970 968 1007 manibus
990 974 1159 1007 utuntur
1180 972 1353 1019 priorum

181 1038 399 1073 ministerio
428 1035 577 1085 pedum
603 1034 826 1085 sedentque
853 1034 905 1072 ad
930 1047 972 1071 os
996 1033 1073 1071 illis
1099 1033 1354 1071 admoventia

97 1106 160 1137 246
179 1101 300 1144 cibos,
315 1106 359 1137 ut
374 1103 502 1137 sciuri.
557 1099 599 1136 C.
630 1099 733 1136 Nam
750 1101 952 1136 simiarum
968 1112 1117 1149 genera
1133 1097 1353 1148 perfectam

99 1817 160 1847 247

181 1164 350 1202 hominis
363 1167 629 1201 imitationem
642 1167 849 1201 continent
862 1162 980 1207 facie,
992 1163 1167 1207 naribus,
1180 1163 1355 1207 auribus,

181 1230 396 1280 palpebris,
427 1242 524 1279 quas
558 1228 666 1266 solae
697 1227 989 1279 quadripedum
1022 1233 1064 1265 et
1096 1230 1135 1264 in
1169 1227 1354 1265 inferiore

181 1293 333 1331 habent
354 1307 472 1344 gena,
486 1296 566 1330 iam
587 1306 780 1329 mammas
801 1295 841 1329 in
861 1298 1025 1342 pectore
1047 1297 1088 1329 et
1108 1291 1292 1329 bracchia
1313 1298 1354 1329 et

182 1372 295 1396 crura
341 1361 382 1395 in
423 1360 666 1395 contrarium
707 1357 889 1394 similiter
930 1356 1048 1401 flexa,
1091 1359 1130 1393 in
1171 1357 1352 1394 manibus

184 1437 351 1474 ungues,
400 1423 546 1474 digitos
594 1422 895 1473 longioremque
943 1421 1131 1458 medium.
1186 1421 1353 1471 pedibus

182 1487 346 1538 paulum
369 1486 580 1531 differunt3
615 1492 706 1524 sunt
733 1489 839 1523 enim
863 1492 908 1523 ut
933 1499 1073 1523 manus
1098 1478 1354 1536 praelongae,

183 1552 254 1590 sed
272 1555 485 1603 vestigium
503 1551 661 1602 palmae
680 1551 807 1588 simile
824 1550 989 1588 faciunt.
1043 1550 1177 1601 pollex
1196 1563 1354 1601 quoque

184 1620 228 1654 iis
244 1623 284 1654 et
300 1616 454 1654 articuli
469 1622 513 1653 ut
528 1616 677 1653 homini
691 1628 699 1660 ;
727 1629 773 1653 ac
787 1621 948 1665 praeter
961 1614 1153 1666 genitale,
1169 1620 1211 1652 et
1225 1613 1299 1660 hoc
1315 1617 1354 1651 in

183 1682 356 1719 maribus
386 1687 561 1725 tanturn,
592 1683 739 1717 viscera
772 1683 895 1717 etiam
924 1681 1113 1716 interiora
1143 1681 1274 1716 omnia
1304 1679 1355 1716 ad

185 1746 400 1796 exemplar.

233 1810 297 1848 CI.
328 1810 493 1862 Ungues
525 1810 727 1848 clausulae
766 1822 975 1846 nervorum
1008 1821 1187 1846 summae
1221 1810 1354 1845 existi-

183 1881 353 1913 mantur.
409 1875 589 1912 omnibus
627 1873 666 1911 hi
701 1874 843 1925 quibus
877 1879 918 1910 et
952 1873 1081 1924 djgiti,
1114 1872 1184 1910 sed
1216 1874 1354 1909 simiae

183 1940 394 1984 imbrica'ti²
431 1939 654 1976 hominibus
691 1938 778 1983 lati,
817 1938 875 1987 (et
913 1936 1103 1974 defuncto
1141 1936 1353 1986 crescunt),

393 2027 403 2044 ¹
431 2024 586 2066 Mayhoff
596 2034 634 2056 ex
650 2023 819 2056 Aristotele
834 2035 841 2056 ι
866 2033 966 2055 canes
981 2026 1017 2054 et
1032 2032 1150 2064 pauca.

182 2089 253 2135 586
