1482 2312
382 173 547 211 PLINY
563 189 570 210 :
624 175 885 212 NATURAL
922 174 1160 213 HISTORY

182 277 286 315 talos
314 276 467 315 habent
498 277 655 321 eadem,
685 283 727 314 at
758 291 861 327 quae
891 277 1042 315 bisulca
1071 284 1164 316 sunt
1193 278 1356 317 habent.

183 348 303 384 iidem
320 346 466 397 digitos
481 346 724 384 habentibus
741 360 820 383 non
837 353 944 391 sunt,
960 360 1092 398 neque
1108 350 1148 384 in
1164 349 1358 398 prioribus

182 418 342 453 omnino
379 416 548 465 pedibus
585 415 667 453 ulli.
720 416 874 453 camelo
909 416 982 453 tali
1019 416 1166 454 similes
1202 417 1359 454 bubulis

182 485 253 522 sed
288 487 459 522 minores
495 485 636 534 paulo;
688 491 749 522 est
786 488 891 522 enim
927 485 1100 523 bisulcus
1135 486 1360 524 discrimine

182 557 328 604 exiguo
364 568 448 603 pes,
483 557 523 590 in
559 557 728 604 vestigio
762 567 949 592 carnosus
985 561 1031 592 ut
1066 558 1160 599 ursi,
1196 569 1274 606 qua
1309 556 1360 593 de

179 637 299 661 causa
317 626 357 660 in
375 623 552 673 longiore
570 626 714 660 itinere
733 626 817 661 sine
834 624 1005 661 calciatu
1022 623 1226 662 fatiscunt.

97 698 159 729 255
229 693 330 730 CVI.
362 693 549 743 Ungulae
562 696 742 730 veterino
754 699 915 730 tantum
931 696 1070 744 generi
1085 701 1359 732 renascuntur.

181 776 270 800 sues
317 765 357 799 in
405 762 562 813 Illyrico
606 762 844 812 quibusdam
886 762 979 800 locis
1022 763 1167 800 solidas
1208 763 1360 801 habent

181 832 362 883 ungulas.
416 835 622 883 cornigera
653 832 737 869 fere
767 832 930 870 bisulca.
985 833 1109 870 solida
1140 833 1290 884 ungula
1319 840 1360 872 et

180 902 340 939 bicorne
379 901 547 946 nullum,
587 904 776 939 unicorne
816 905 947 939 asinus
986 908 1147 939 tantum
1188 902 1361 948 Indicus,

180 974 367 1008 unicorne
385 977 426 1008 et
441 971 636 1008 bisulcum
652 985 762 1022 oryx.
817 971 920 1008 talos
937 974 1068 1008 asinus
1085 971 1244 1009 Indicus
1260 985 1361 1009 unus

180 1041 445 1090 solidipedum
482 1041 621 1084 habet,
659 1054 751 1077 nam
789 1054 879 1078 sues
918 1054 967 1078 ex
1004 1047 1175 1091 utroque
1211 1055 1360 1092 genere

181 1113 477 1154 existimantur,
530 1110 620 1147 ideo
672 1109 779 1147 foedi
833 1123 983 1148 earum.
1039 1110 1240 1147 hominem
1294 1114 1360 1161 qui

181 1182 461 1217 existimarunt
495 1179 646 1217 habere
680 1179 799 1217 facile
833 1182 1015 1217 convicti.
1070 1179 1166 1231 lynx
1199 1186 1360 1217 tantum

179 1249 325 1300 digitos
357 1249 594 1286 habentium
628 1249 756 1286 simile
789 1249 981 1299 quiddam
1012 1249 1097 1286 talo
1128 1249 1267 1294 habet,
1299 1249 1360 1287 leo

180 1322 401 1356 etiamnum
438 1321 669 1356 tortuosius.
730 1318 836 1356 talus
875 1324 1012 1356 autem
1051 1324 1183 1356 rectus
1223 1325 1284 1356 est
1321 1322 1360 1356 in

179 1388 345 1426 articulo
369 1388 496 1438 pedis,
517 1394 657 1426 ventre
688 1390 866 1425 eminens
892 1388 1096 1431 concavo,1
1116 1390 1157 1424 in
1174 1389 1360 1426 vertebra

176 1458 336 1509 ligatus.

94 1533 157 1564 256
227 1527 352 1565 CVII.
381 1528 527 1564 Avium
566 1527 668 1564 aliae
707 1526 920 1577 digstatae,
958 1526 1061 1564 aliae
1099 1526 1361 1577 palmipedes,

178 1597 281 1635 aliae
296 1600 402 1634 inter
417 1603 633 1647 utrumque
650 1597 782 1634 divisis
799 1597 934 1647 digitis
951 1597 1109 1633 adiecta
1122 1596 1360 1641 latitudine3

178 1667 249 1704 sed
281 1668 464 1704 omnibus
498 1669 684 1717 quaterni
718 1667 849 1717 digiti,
880 1672 963 1703 tres
996 1668 1036 1702 in
1067 1668 1198 1716 priore
1229 1672 1360 1716 parte,

178 1750 279 1774 unus
316 1750 339 1773 a
374 1736 506 1773 calce:
556 1735 619 1773 hie
656 1736 772 1773 deest
809 1735 1048 1786 quibusdam
1091 1735 1212 1786 longa
1247 1749 1358 1772 crura

178 1806 443 1850 habentibu33
509 1809 605 1857 iynx
657 1805 741 1843 sola
793 1808 996 1856 utrimque
1047 1805 1160 1842 binos
1221 1804 1357 1842 habet.

179 1875 321 1913 eadem
366 1875 544 1926 linguam
587 1877 835 1925 serpentium
878 1875 1047 1912 similem
1089 1877 1130 1910 in
1171 1887 1358 1924 magnam

179 1945 472 1996 longitudinem
493 1947 675 1995 porrigit,
695 1944 841 1981 collum
862 1946 1097 1994 circumagit
1117 1945 1158 1979 in
1179 1956 1358 1980 aversam

455 2033 468 2053 ²
489 2043 643 2066 concava
658 2043 732 2065 cum
747 2043 828 2074 seqq.
847 2032 995 2064 iunctum
1010 2031 1080 2064 edd.

178 2107 246 2145 592
