1482 2312
390 149 580 186 PLINY:
632 150 896 188 NATURAL
934 151 1169 189 HISTORY

191 256 381 304 cogitatio
408 254 598 290 obcaecat
625 253 798 290 abducto
826 256 932 291 intus
959 257 1057 300 visu,
1084 258 1139 293 sic
1165 258 1206 292 in
1232 257 1368 294 morbo

107 319 167 351 147
191 315 379 352 comitiali
398 317 528 351 animo
552 314 750 365 caligante
775 318 903 366 aperti
924 315 1019 352 nihil
1040 323 1219 354 cernunt.
1275 320 1366 368 quin

194 382 236 413 et
264 377 496 427 patentibus
524 376 725 413 dormiunt
754 376 906 427 lepores
936 377 1130 427 multique
1151 377 1368 421 hominum,

193 451 290 487 quos
312 439 553 486 κορυβαντιᾶν
573 437 715 474 Graeci
735 438 884 475 dicunt.

241 500 441 537 Tenuibus
474 499 687 549 multisque
718 501 957 537 membranis
990 514 1055 538 eos
1092 507 1234 538 natura
1265 511 1366 539 com-

192 564 337 612 posuit,
365 561 516 599 callosis
546 566 684 598 contra
710 561 855 612 frigora
885 562 1102 613 calorisque
1133 565 1173 599 in
1204 570 1368 601 extumo

193 626 350 669 tunicis,
372 637 468 674 quas
491 623 658 660 subinde
685 624 869 674 purificat
890 624 1205 662 lacrimationum
1226 626 1369 672 salivis,

108 690 168 721 148
192 685 360 723 lubricos
381 688 787 736 propterincursantia
807 692 848 722 et
880 685 1056 723 mobiles.
1127 687 1207 724 LV.
1236 687 1369 725 media

193 761 329 784 eorum
367 761 513 784 cornua
546 746 780 784 fenestravit
813 747 974 797 pupilla,
1009 751 1118 785 cuius
1161 752 1369 800 angustiae

193 823 272 847 non
301 812 435 847 sinunt
464 812 597 859 vagari
629 812 822 846 incertam
859 812 985 846 aciem
1024 824 1070 846 ac
1102 810 1213 848 velut
1244 811 1367 848 canali

192 872 383 922 dirigunt,
435 871 645 923 obiterque
706 871 921 908 incidentia
981 871 1095 910 facile
1156 872 1370 917 declinant,

193 934 276 971 aliis
320 937 436 985 nigri,
472 934 554 970 aliis
600 936 694 978 ravi,
728 933 810 970 aliis
854 933 983 984 glauci
1029 934 1166 971 coloris
1212 935 1370 972 orbibus

192 996 457 1039 circumdatis,
491 1002 533 1032 ut
580 996 647 1033 etl
698 995 819 1032 habili
856 997 1030 1032 mixtura
1065 998 1281 1046 accipiatur
1321 996 1370 1034 e²

192 1060 444 1094 circumiecto
480 1058 650 1095 candore
685 1057 751 1094 lux
781 1056 851 1094 et5
884 1062 1110 1107 temperato
1139 1071 1370 1108 repercussu

193 1133 272 1156 non
301 1119 530 1169 obstrepat3
573 1120 753 1170 adeoque
782 1118 840 1155 his
868 1119 1050 1155 absoluta
1075 1121 1131 1156 vis
1154 1119 1301 1169 speculi
1325 1124 1370 1156 ut

193 1187 278 1218 tam
290 1195 411 1232 parva
423 1181 489 1217 illa
500 1181 650 1232 pupilla
663 1187 791 1218 totam
805 1183 1020 1231 imaginem
1032 1180 1177 1218 reddat
1188 1180 1368 1218 hominis.

195 1257 241 1280 ea
257 1257 376 1280 causa
394 1250 455 1281 est
473 1250 517 1280 ut
535 1243 750 1294 pleraeque
770 1242 909 1279 alitum
927 1256 948 1279 e
966 1244 1148 1279 manibus
1166 1242 1371 1280 hominum

195 1306 325 1343 oculos
353 1308 603 1356 potissimum
633 1311 841 1356 appetant,
865 1304 972 1355 quod
997 1305 1169 1355 effigiem
1195 1319 1306 1342 suam
1331 1308 1371 1342 in

194 1367 252 1405 his
271 1374 480 1405 cernentes
499 1368 608 1405 velut
626 1368 677 1405 ad
694 1373 866 1418 cognata
883 1366 1080 1404 desideria
1097 1380 1168 1403 sua
1184 1367 1369 1404 tendunt.

108 1435 168 1466 145)
195 1433 373 1468 veterina
426 1436 586 1467 tantum
628 1430 826 1481 quaedam
868 1429 918 1466 ad
958 1431 1204 1466 incrementa
1255 1429 1370 1468 lunae

192 1494 348 1530 morbos
389 1495 578 1530 sentiunt.
634 1492 703 1529 sed
742 1491 859 1528 homo
899 1491 1001 1528 solus
1043 1493 1184 1528 emisso
1235 1505 1370 1528 umore

194 1558 391 1592 caecitate
416 1554 618 1592 liberatur.
674 1560 764 1605 post
787 1556 1044 1591 vicensimum
1068 1567 1215 1590 annum
1238 1553 1371 1590 multis

193 1620 403 1654 restitutus
437 1623 497 1655 est
530 1619 646 1661 visus,
679 1616 916 1667 quibusdam
948 1618 1086 1652 statim
1118 1616 1371 1653 nascentibus

196 1685 366 1730 negatus
386 1679 492 1716 nullo
513 1679 712 1716 oculorum
737 1681 845 1722 vitio,
864 1677 998 1714 multis
1024 1683 1190 1728 repente
1217 1677 1370 1714 ablatus

471 1779 481 1796 ¹
505 1783 539 1808 et
556 1777 607 1808 hic
626 1777 793 1808 Haclshum
809 1790 815 1808 :
841 1781 914 1816 post
930 1777 1088 1807 mixtura.

467 1821 483 1882 ἰ
502 1831 520 1851 e
536 1820 610 1895 clzdd.
629 1820 806 1851 Raclsham.

509 1874 535 1895 v.
552 1888 558 1895 .
576 1874 604 1895 e.

233 1974 247 1988 ⁰
270 1969 341 2000 The
374 1968 570 2008 κορύβαντες
605 1978 689 1998 were
714 1968 835 2007 priests
861 1967 896 1997 of
918 1966 1054 2006 Cybele,
1080 1965 1155 1997 who
1189 1977 1256 1997 was
1289 1976 1369 1997 wor-

189 2013 333 2053 shipped
350 2013 384 2042 in
402 2012 551 2052 Phrygia
569 2011 648 2042 with
668 2010 814 2041 irenzied
834 2009 990 2050 dancing.

193 2084 261 2121 524
