1482 2312
140 813 182 843 50

147 1854 187 1886 52

402 144 568 183 PLINY
582 159 591 182 :
643 145 906 183 NATURAL
942 145 1177 183 HISTORY

203 252 290 300 quis
317 249 520 286 alterutris
547 251 681 298 capita
708 248 846 285 demat
873 251 1101 298 priusquam
1131 261 1281 297 pennas
1307 247 1375 285 ha-

202 320 340 362 beant,
352 332 423 369 pro
435 321 662 369 gratissimo
675 324 767 355 sunt
779 317 926 367 pabulo
939 318 1143 354 matribus.
1195 323 1376 367 tempore

204 388 446 438 procedente
489 387 686 424 instillant
728 387 836 424 cibos
879 392 1002 436 atque
1045 387 1249 431 incubant,
1290 392 1376 423 tum

204 461 378 494 maxime
411 462 719 500 murmurantes,
751 456 905 500 caloris,
939 462 983 492 ut
1017 462 1175 505 putant,
1207 455 1377 493 faciendi

204 530 335 578 gratia
374 529 584 564 necessarii
624 525 881 563 excludendis
920 525 1050 575 pullis,
1089 525 1215 562 donec
1253 528 1378 575 ruptis

205 597 446 634 membranis
468 609 571 646 quae
593 595 766 645 singulos
787 598 953 645 cingunt
973 608 1135 631 ovorum
1157 595 1274 632 modo
1295 598 1379 631 uni-

206 680 362 704 versum
406 679 551 716 agmen
596 670 790 715 emergat.
843 670 1068 714 spectatum
1112 664 1186 701 hoc
1230 664 1379 701 Romae

205 736 421 773 consularis
445 735 650 772 cuiusdam
670 734 897 771 suburbano
917 733 1013 771 alvis
1033 747 1153 770 cornu
1171 734 1379 771 lanternae

206 805 404 843 tralucido
433 804 562 842 factis.
616 804 723 841 fetus
762 806 867 840 intra
907 816 977 840 XLV
1016 803 1122 840 diem
1161 806 1377 854 peragitur.

209 876 253 912 fit
283 878 322 911 in
353 874 452 911 favis
487 874 723 924 quibusdam
751 876 817 923 qui
853 878 1016 909 vocatur
1044 873 1192 916 clavus,
1221 886 1380 910 amarae

211 944 361 981 duritia
381 956 513 987 cerae,
533 957 623 979 cum
653 943 783 980 fetum
803 942 897 979 inde
924 955 1003 978 non
1031 941 1222 985 eduxere,
1242 942 1380 978 morbo

211 1019 282 1050 aut
324 1015 485 1063 ignavia
523 1018 594 1049 aut
633 1011 929 1049 infecunditate
967 1011 1166 1055 naturali3
1216 1009 1279 1048 hic
1318 1017 1379 1048 est

209 1084 371 1120 abortus
404 1086 550 1132 apium.
605 1084 784 1132 protinus
821 1087 958 1118 autem
995 1081 1128 1118 educti
1165 1086 1382 1131 operantur

208 1153 381 1203 quadam
401 1152 606 1202 disciplina
625 1165 715 1188 cum
735 1151 942 1195 matribus,
961 1164 1179 1201 regemque
1198 1153 1380 1188 iuvenem

209 1222 386 1273 aequalis
411 1222 531 1258 turba
557 1224 781 1258 comitatur.
835 1234 950 1271 reges
976 1220 1108 1270 plures
1134 1220 1382 1265 inchoantur,

209 1306 259 1330 ne
288 1292 471 1335 desint13
499 1297 641 1341 postea
670 1304 719 1328 ex
745 1290 804 1327 his
830 1290 987 1327 suboles
1013 1303 1102 1327 cum
1129 1290 1266 1327 adulta
1295 1304 1380 1327 esse

208 1365 355 1412 coepit,
394 1361 588 1398 concorde
630 1359 815 1410 suffragio
857 1360 1091 1397 deterrimos
1132 1365 1293 1404 necant,
1332 1373 1382 1396 ne

209 1431 434 1469 distrahant
449 1433 620 1481 agmina.
668 1430 746 1467 duo
760 1435 896 1466 autem
911 1442 1060 1480 genera
1078 1442 1227 1473 eorum,
1242 1428 1384 1466 melior

210 1501 332 1545 rufus,
371 1499 575 1537 deterior2
613 1502 726 1550 niger
764 1502 985 1549 variusque.
1039 1499 1220 1535 omnibus
1257 1498 1381 1535 forma

210 1584 367 1620 semper
386 1573 549 1620 egregia
569 1575 609 1606 et
629 1568 750 1618 duplo
771 1582 891 1618 quam
909 1571 1052 1605 ceteris
1071 1571 1208 1612 maior,
1226 1581 1382 1618 pennae

211 1641 422 1683 breviores,
439 1652 553 1676 crura
570 1644 695 1682 recta,
711 1641 910 1688 ingressus
927 1638 1079 1682 celsior,
1096 1641 1136 1674 in
1153 1637 1284 1675 fronte
1302 1652 1383 1674 ma-

210 1710 299 1747 cula
328 1709 499 1759 quodam
529 1708 757 1745 diademate
786 1708 1020 1751 candicans3
1062 1707 1232 1744 multum
1261 1710 1381 1744 etiam

212 1783 339 1816 nitore
359 1792 381 1815 a
400 1778 515 1829 volgo
534 1778 733 1815 differunt.

262 1848 391 1885 XVII.
421 1848 599 1894 Quaerat
644 1860 748 1884 nunc
794 1847 949 1897 aliquis,
994 1859 1147 1883 unusne
1193 1846 1383 1884 Hercules

213 1918 333 1955 fuerit
354 1924 394 1955 et
416 1923 512 1968 quot
534 1917 667 1954 Liberi
686 1922 821 1966 patres
843 1922 883 1953 et
903 1916 1055 1966 reliqua
1075 1919 1286 1953 vetustatis
1305 1919 1381 1953 situ

328 1995 338 2013 ¹
361 1995 577 2027 Hermolaus:
602 2005 663 2025 nec
680 1994 815 2025 desunt.

324 2037 335 2055 ²
359 2038 454 2069 rufus
470 2037 618 2068 deterior
633 2037 707 2068 add.
724 2037 796 2067 ιῙανι
812 2036 922 2075 (rufus
938 2045 1041 2076 quam
1060 2035 1280 2075 Hermolaus).

215 2083 282 2128 462
