1482 2312
382 132 546 171 PLINY
561 146 570 169 ε
619 133 881 170 NATURAL
916 131 1150 169 HISTORY

185 240 366 273 mentum
386 235 484 271 illud
506 237 616 271 exuit
638 234 866 283 nitidusque
888 239 1049 277 vernat3
1085 236 1195 270 exuit
1216 239 1352 270 autem

185 301 207 324 a
224 291 355 337 capite
373 291 558 336 primum,
575 300 647 323 nec
665 287 831 324 celerius
850 300 970 336 quam
986 299 1064 323 uno
1082 286 1146 323 die
1164 292 1206 323 et
1222 292 1354 330 nocte,

185 341 380 390 replicans
400 346 445 376 ut
466 347 581 376 extra
600 340 671 376 fiat
691 340 949 376 membranae
970 339 1076 389 quod
1094 339 1215 376 fuerit
1235 342 1352 376 intus.

185 394 291 430 idem
341 393 506 429 hiberna
554 393 711 430 latebra
761 396 844 429 visu
894 393 1104 429 obscurato
1153 391 1354 430 marathro

185 446 333 483 herbae
369 459 411 482 se
443 445 638 482 adfricans
670 445 802 482 oculos
834 448 1018 495 inunguit
1049 458 1095 482 ac
1126 445 1293 489 refovet,
1323 448 1354 482 si

187 512 278 536 vero
307 512 495 548 squamae
524 499 762 548 obtorpuere
792 501 911 548 spinis
950 501 1117 547 iuniperi
1145 511 1187 535 se
1215 498 1353 536 scabit.

185 553 304 589 draco
333 565 495 589 vernam
524 555 704 589 nausiam
733 551 921 589 silvestris
949 551 1130 588 lactucae
1159 564 1251 588 suco
1277 564 1355 588 res-

108 611 165 641 100
185 608 345 655 tinguit.
399 604 616 655 pantheras
636 605 852 654 perfricata
871 605 1017 642 carne1
1040 607 1197 641 aconito
1223 604 1356 655 [vene-

111 1088 163 1118 101

187 672 281 695 num
308 659 348 695 id
370 658 444 709 est]
463 659 478 681 2
497 659 655 695 barbari
676 664 892 701 venantur3
927 663 1095 707 occupat
1114 657 1202 694 ilico
1221 657 1356 695 fauces

187 725 322 748 earum
370 725 493 761 angor
540 712 678 761 (quare
725 710 1026 760 pardalianches
1072 711 1113 748 id
1160 724 1356 748 venenum

188 765 439 814 appellavere
465 765 657 814 quidam),
677 770 719 800 at
740 764 824 801 fera
843 770 981 801 contra
1000 763 1073 800 hoc
1095 767 1356 801 excrementis

189 817 355 854 hominis
377 819 448 854 sibi
470 818 668 861 medetur,
690 823 731 854 et
752 817 849 854 alias
869 823 955 854 tam
976 817 1091 854 avida
1112 830 1247 854 eorum
1268 823 1313 854 ut
1333 830 1356 853 a

189 871 413 920 pastoribus
433 884 481 908 ex
501 871 694 908 industria
713 874 752 907 in
771 871 903 920 aliquo
922 884 1013 907 vase
1032 884 1222 920 suspensa
1239 871 1357 907 altius

189 937 308 974 quam
346 930 389 960 ut
427 930 550 974 queat
586 924 692 961 saltu
729 927 930 974 attingere
966 923 1177 960 iaculando
1213 937 1255 960 se
1291 937 1358 973 ap-

188 977 443 1027 petendoque
461 978 476 1000 3
507 977 668 1014 deficiat
700 983 742 1013 et
774 983 976 1026 postremo
1010 980 1179 1026 expiret,
1210 977 1356 1026 alioqui

188 1033 410 1067 vivacitatis
440 1030 540 1067 adeo
571 1031 705 1067 lentae
729 1035 774 1066 ut
799 1033 935 1067 eiectis
959 1033 1174 1067 interaneis
1197 1030 1265 1067 dju
1288 1043 1359 1079 pu—

215 1090 296 1120 net.
352 1083 541 1132 elephans
591 1083 875 1120 chamaeleone
924 1083 1151 1120 concolori4
1199 1082 1359 1120 frondi⁵

219 1142 379 1173 evorato
416 1139 584 1173 occurrit
620 1137 792 1173 oleastro
828 1135 917 1173 huic
954 1149 1107 1173 veneno
1143 1150 1225 1174 suo.
1280 1139 1358 1173 ursi

189 1203 278 1226 cum
299 1189 586 1240 mandragorae
607 1190 755 1226 malum
778 1196 989 1240 gustavere
1019 1189 1201 1227 formicas
1235 1189 1359 1227 lamb-

189 1249 273 1279 unt.
333 1256 469 1280 cervus
536 1242 660 1279 herba
727 1246 859 1279 cinare
929 1245 1135 1279 venenatis
1204 1242 1358 1292 pabulis

190 1298 349 1333 resistit.
405 1296 625 1345 palumbes,
651 1296 814 1346 graculi,
840 1296 1031 1340 merulae,
1057 1296 1235 1345 perdices
1259 1296 1358 1332 lauri

189 1348 282 1385 folio
305 1362 479 1385 annuum
502 1349 706 1386 fastidium
729 1355 917 1399 purgant,
938 1349 1160 1393 columbae,
1181 1355 1357 1386 turtures

192 1407 233 1439 et
265 1402 477 1452 gallinacei
511 1402 633 1439 herba
668 1415 770 1452 quae
804 1408 968 1439 vocatur
999 1402 1174 1446 helxine,
1206 1408 1359 1446 anates,

190 1468 347 1492 anseres
376 1462 615 1505 ceteraeque
645 1458 854 1505 aquaticae
884 1455 1007 1492 herba
1035 1455 1211 1499 siderite,
1239 1469 1355 1506 grues

192 1514 233 1545 et
270 1508 416 1546 similes
455 1512 568 1545 iunco
606 1509 783 1558 palustri.
839 1522 977 1546 corvus
1015 1512 1141 1546 occiso
1178 1508 1359 1545 chamae-

248 1627 259 1645 1
282 1627 335 1657 v.l.
352 1637 410 1667 per
423 1627 563 1658 fricatas
578 1638 705 1659 carnes.

249 1669 261 1687 ²
284 1680 345 1700 om.
367 1669 506 1701 Urlichs.

251 1711 263 1730 ³
287 1712 337 1742 υλ.
366 1712 544 1743 iaculando
570 1723 610 1743 ea
639 1712 876 1753 petendoque:
917 1712 1096 1744 iaculando
1128 1723 1163 1744 se
1196 1716 1358 1754 appetens

188 1754 234 1785 vel
251 1759 392 1794 appetat
408 1755 576 1795 ideoque?
596 1755 756 1796 Mayhoff.

246 1797 258 1815 4
280 1807 356 1828 cum
377 1797 569 1828 concolori?
588 1797 748 1839 Maylwff.

247 1839 260 1858 ⁵
282 1840 374 1870 edd.:
398 1840 527 1871 fronde.

583 1994 599 2010 ⁶
619 1990 690 2021 The
706 1990 962 2032 wall-pellitory.

197 2063 236 2094 72
