1482 2312
163 348 223 379 163

164 763 225 793 164

168 1248 225 1277 165

439 100 605 139 PLINY
619 115 628 138 ε
678 102 713 138 N
716 102 941 139 ATURAL
975 101 1211 140 HISTORY

245 206 471 254 quaeritur3
519 207 656 252 itaque
697 216 787 239 eum
828 203 955 240 bimi1
995 203 1072 240 alio
1120 204 1412 255 subiungantur

247 276 425 322 imperio,
445 285 521 308 non
543 278 637 308 ante
658 274 933 322 quinquennes
957 273 1009 308 ibi
1030 279 1234 310 certamen
1255 277 1409 324 accipit.

295 341 437 378 LXVI.
467 341 631 378 Partum
661 343 702 376 in
733 354 779 378 eo
818 354 966 391 genere
1006 342 1173 379 undenis
1212 344 1412 381 mensibus

245 411 393 454 ferunt,
406 410 640 447 duodecimo
653 412 836 460 gignunt.
890 412 1017 448 coitus
1030 424 1150 448 verno
1163 414 1413 461 aequinoctio

245 480 351 516 bimo
370 482 570 528 utrimque
591 478 776 528 Vulgaris,
789 478 858 515 sed
879 492 900 515 a
918 482 1083 516 trimatu
1098 480 1243 517 firmior
1261 487 1411 530 partus.

245 554 412 599 generat
442 561 525 585 mas
555 547 606 584 ad
638 560 760 584 annos
792 560 929 592 xxxm,
958 554 1101 598 utpote
1133 563 1223 586 curn
1257 563 1279 586 a
1311 553 1413 588 circo

246 624 335 667 post
385 619 612 654 vicesimum
662 629 808 652 annum
859 620 1072 654 mittantur
1121 618 1172 655 ad
1220 619 1410 656 subolem.

247 687 409 737 Opunte
434 692 474 723 et
497 686 548 722 ad
571 686 837 736 quadraginta
859 686 1021 723 durasse
1043 687 1209 724 tradunt
1232 688 1413 726 adiutum

244 756 361 794 modo
395 758 434 791 in
463 754 685 792 attollenda
714 757 843 804 priore
871 761 987 804 parte
1015 759 1198 805 corporis.
1264 757 1335 795 sed
1363 758 1414 795 ad

245 824 518 876 generandum
568 826 702 874 paucis
753 824 983 861 animalium
1032 828 1159 862 minor
1206 825 1413 871 fertilitas3

246 908 325 945 qua
363 894 413 931 de
453 906 572 930 causa
611 893 820 930 intervalla
859 893 1102 931 admissurae
1142 894 1301 940 dantur,
1340 909 1413 933 nec

242 970 380 1001 tamen
436 962 661 1013 quindecim
718 965 838 999 initus
906 963 1083 1000 eiusdem
1149 967 1241 1000 anni
1307 965 1413 1002 valet

244 1033 427 1070 tolerare.
483 1045 675 1082 equarum
709 1031 830 1068 libido
867 1035 1115 1082 extinguitur
1149 1033 1242 1070 iuba
1276 1039 1413 1078 tonsa3

244 1105 415 1153 gignunt
444 1104 556 1138 annis
585 1101 767 1138 omnibus
796 1101 847 1137 ad
876 1101 1237 1152 quadragesimum.
1272 1106 1413 1141 vixisse

245 1185 388 1222 equam
405 1171 420 1194 2
442 1184 537 1207 Lxxv
560 1183 682 1207 annos
704 1170 895 1220 proditur.

298 1241 342 1277 In
376 1239 448 1276 hoc
481 1253 629 1290 genere
662 1239 826 1290 gravida
858 1245 968 1277 stans
1000 1243 1128 1290 parit3
1173 1247 1413 1292 praeterque

245 1316 400 1347 ceteras
422 1309 549 1346 fetum
573 1309 714 1359 diligit.
771 1315 811 1345 et
833 1322 928 1346 sane
952 1312 1062 1359 equis
1085 1313 1227 1347 amoris
1249 1313 1412 1348 innasci-

245 1380 341 1416 tur³
371 1379 603 1416 veneficium
633 1377 892 1427 hippomanes
923 1379 1170 1428 appellatum
1199 1382 1239 1416 in
1268 1379 1412 1424 fronte,

245 1452 398 1486 caricae
417 1448 707 1498 magnitudine,
726 1447 856 1484 colore
876 1451 1002 1498 nigro,
1022 1448 1128 1498 quod
1147 1452 1284 1486 statim
1305 1450 1412 1487 edito

245 1524 362 1568 partu
378 1518 541 1555 devorat
558 1516 642 1553 feta
659 1523 727 1554 aut
744 1523 903 1566 partum
920 1517 971 1555 ad
985 1518 1108 1555 ubera
1125 1531 1203 1555 non
1218 1519 1408 1556 admittit.

245 1591 276 1625 si
321 1590 406 1637 quis
445 1592 702 1637 praereptum
736 1585 899 1631 habeat,
932 1586 1081 1624 olfactu
1115 1590 1154 1624 in
1188 1588 1340 1625 rabiem
1373 1589 1412 1626 id

245 1670 370 1708 genus
411 1659 553 1707 agitur.
609 1659 751 1693 amissa
791 1662 959 1705 parente
999 1659 1038 1692 in
1078 1670 1200 1707 grege
1241 1661 1409 1695 armenti

247 1727 422 1776 reliquae
458 1725 566 1762 fetae
603 1725 774 1762 educant
809 1726 960 1762 orbum.
1027 1733 1176 1764 terram
1212 1730 1411 1777 attingere

246 1809 313 1833 ore
338 1795 470 1832 triduo
496 1797 675 1844 proximo
702 1808 820 1844 quam
847 1798 897 1832 sit
923 1798 1082 1845 genitus
1108 1802 1258 1846 negant
1283 1809 1409 1846 posse.

625 1888 633 1904 ¹
659 1887 847 1916 Raclcham:
875 1886 955 1916 bimi
971 1886 1016 1918 in.

627 1930 638 1947 ²
662 1929 850 1960 Racldmm:
875 1939 1012 1969 equum.

625 1970 638 1990 ³
661 1971 850 2003 Rack-me:
876 1971 1015 2003 innasci.

250 2031 317 2062 114
