1482 2312
151 248 213 280 115

154 833 215 864 116

156 1367 215 1398 117

431 140 618 179 PLINY:
670 142 932 180 NATURAL
968 141 1203 179 HISTORY

289 242 392 280 LVI.
423 243 477 280 Et
495 246 656 294 ingenia
676 257 804 294 aeque
825 246 945 288 varia,
965 244 1016 281 ad
1035 249 1195 294 pastum
1214 245 1400 280 maxime.

234 297 466 347 caprimulgi
499 297 764 347 appellantur,
785 297 1004 347 grandioris
1026 297 1201 333 merulae
1224 302 1403 346 aspectu,

235 348 341 387 fures
369 351 777 387 nocturni—interdiu
805 353 910 387 enim
937 353 1022 387 visu
1049 355 1197 386 carent.
1251 352 1404 386 intrant

233 409 437 453 pastorum
475 403 632 441 stabula
668 416 955 453 caprarumque
993 403 1180 440 uberibus
1218 401 1405 439 advolant

235 462 391 493 suctum
427 463 591 507 propter
626 456 752 501 lactis,
789 470 868 506 qua
903 459 1044 493 iniuria
1080 457 1178 493 uber
1214 458 1405 492 emoritur

234 512 441 559 caprisque
461 512 632 546 caecitas
650 523 747 560 quas
763 512 822 546 ita
838 509 1008 546 mulsere
1029 510 1216 546 oboritur.
1270 508 1405 559 platea

235 565 462 599 nominatur
483 563 669 600 advolans
691 563 741 599 ad
763 576 829 599 eas
851 575 953 612 quae
975 575 1016 599 se
1037 565 1078 598 in
1098 564 1196 598 mari
1216 567 1404 612 mergunt

236 621 278 652 et
302 618 436 666 capita
459 616 613 653 illarum
638 629 770 652 morsu
795 618 1021 666 corripiens,
1047 615 1173 652 donec
1197 620 1404 665 capturam

237 674 488 719 extorqueat.
543 669 686 706 eadem
706 682 796 706 cum
821 669 1019 706 devoratis
1044 682 1086 706 se
1110 668 1290 719 implevit
1315 680 1405 705 con-

236 721 332 766 chis,
358 722 487 759 calore
517 725 665 759 ventris
694 728 825 759 coctas
855 724 1016 766 evomit,
1043 727 1165 772 atque
1193 724 1252 758 ita
1281 734 1331 758 ex
1358 723 1404 757 iis

237 775 441 812 esculenta
466 775 576 826 eligit
602 781 727 813 testas
754 788 982 812 excernens.

290 829 415 865 LVII.
444 829 654 865 Villaribus
671 828 824 879 gallinis
843 834 885 865 et
902 828 1039 879 religio
1055 830 1182 864 inest:
1212 826 1406 864 inhorres-

237 888 332 919 cunt
370 882 479 919 edito
514 895 586 919 ovo
622 885 910 931 excutiuntque
946 894 1032 918 sese
1068 887 1109 918 et
1142 883 1405 917 circumactae

237 935 447 985 purificant
480 935 555 971 ac1
585 934 740 972 festuca
770 935 902 985 aliqua
931 948 1017 971 sese
1048 940 1089 971 et
1119 947 1192 970 ova
1220 934 1403 970 lustrant.

237 991 424 1025 minimae
473 991 603 1025 avium
645 988 849 1025 cardueles
890 991 1087 1038 imperata
1127 987 1292 1031 faciunt,
1332 999 1405 1023 nec

236 1055 332 1078 voce
378 1048 537 1078 tantum
580 1042 650 1078 sed
691 1042 859 1091 pedibus
907 1047 948 1078 et
990 1054 1056 1078 ore
1099 1054 1169 1090 pro
1210 1041 1403 1077 manibus.

238 1101 300 1132 est
321 1108 423 1145 quae
444 1096 565 1132 boum
585 1098 762 1145 mugitus
791 1097 984 1139 imitetur,
1004 1097 1045 1130 in
1064 1094 1291 1131 Arelatensi
1311 1106 1406 1143 agro

238 1154 375 1185 taurus
426 1148 641 1198 appellata,
692 1148 866 1198 ahoquin
914 1161 1036 1198 parva
1086 1153 1158 1184 est.
1214 1159 1406 1196 equorum

239 1215 397 1251 quoque
444 1201 621 1238 hinnitus
669 1201 814 1238 anthus
861 1203 1019 1238 nomine
1066 1200 1214 1237 herbae
1260 1199 1406 1250 pabulo

238 1255 413 1292 adventu
444 1268 579 1292 eorum
609 1254 722 1305 pulsa
751 1257 930 1292 imitatur
960 1254 1010 1291 ad
1040 1253 1143 1290 hunc
1172 1253 1335 1290 modum
1364 1266 1405 1290 se

236 1308 437 1345 ulciscens.

293 1362 440 1398 LVIII.
469 1361 596 1411 Super
643 1364 774 1398 omnia
820 1360 1012 1397 humanas
1060 1373 1173 1397 voces
1219 1359 1405 1403 reddunt,

238 1417 399 1465 psittaci
431 1415 593 1464 quidem
627 1417 749 1451 etiam
782 1417 1103 1451 sermocinantes.
1160 1413 1274 1450 India
1305 1412 1405 1449 hanc

239 1481 354 1505 avem
382 1470 522 1512 mittit,
552 1470 732 1518 siptacen
761 1473 891 1512 vocat,
920 1467 1085 1504 viridem
1114 1472 1201 1503 toto
1230 1479 1405 1517 corpore,

238 1527 380 1571 torque
410 1527 569 1558 tantum
598 1524 764 1558 miniato
792 1523 833 1557 in
861 1523 1012 1557 cerw‘ce
1041 1520 1282 1557 distinctam.
1335 1521 1406 1556 im-

238 1575 465 1625 peratores2
485 1575 633 1611 salutat
655 1580 697 1611 et
721 1587 823 1624 quae
849 1576 991 1624 accipit
1017 1574 1137 1610 verba
1160 1575 1405 1624 pronuntiat,

237 1630 279 1664 in
299 1642 388 1665 vino
413 1631 626 1679 praecipue
646 1627 800 1664 lasciva.
855 1630 975 1678 capiti
996 1629 1079 1664 eius
1099 1627 1245 1664 duritia
1264 1625 1406 1663 eadem

364 1698 376 1717 1
400 1698 519 1730 Gelen:
544 1702 616 1729 aut.
749 1697 760 1716 ²
784 1699 1049 1738 imperatorem?
1097 1696 1275 1728 Rackham.

278 1784 292 1798 ⁰
315 1779 422 1811 There
438 1780 466 1810 is
482 1790 526 1811 no
543 1779 747 1810 foundation
765 1779 816 1810 for
833 1778 901 1809 this
919 1782 1024 1819 story.

278 1821 291 1841 ὁ
313 1823 394 1854 This
408 1823 435 1853 is
450 1833 469 1853 a
484 1821 639 1853 mistake.
803 1825 814 1840 ⁰
839 1821 908 1853 Our
926 1822 1061 1852 bittem.

278 1863 293 1884 ⁴
314 1864 486 1906 Probably
499 1865 559 1895 the
570 1864 690 1905 yellow
703 1863 849 1905 wagtafl.
890 1888 894 1890 ,

280 1912 291 1927 ⁰
312 1908 383 1940 The
400 1907 618 1949 ring-necked
636 1906 815 1947 parrakeet
831 1907 859 1938 is
877 1911 1002 1938 meant.

277 1949 291 1974 s
310 1950 340 1982 A
358 1950 504 1982 mistake
520 1951 572 1982 for
585 1950 757 1990 psittacus,
777 1953 903 1990 parrot.

278 1998 290 2017 θ
315 1993 361 2025 Or
382 1993 544 2034 possibly,
567 1993 744 2034 emending
766 1992 825 2023 the
845 1995 920 2024 text
943 1991 951 2004 ‘
964 1992 1058 2033 gives
1080 1992 1138 2023 the
1159 1990 1268 2023 salute
1289 1993 1326 2022 to
1348 1990 1406 2022 the

236 2047 388 2077 emperor
403 2036 422 2074 ⁵,
441 2047 520 2077 says
537 2035 545 2048 ‘
560 2036 643 2074 Ave,
662 2036 783 2068 Caesar
798 2038 804 2066 !
822 2035 829 2047 ’

237 2082 308 2130 366
