1482 2312
121 358 184 390 270

123 1332 184 1365 271

401 110 567 149 PLINY
584 125 593 148 ι
644 111 908 149 NATURAL
945 111 1181 149 HISTORY

205 221 341 252 autem
379 215 566 252 tubarum
606 217 804 252 raucitati.
859 215 987 252 bubus
1024 220 1185 252 tantum
1224 216 1380 253 feminis

207 298 280 321 vox
304 287 473 335 gravior,
497 287 535 320 in
559 284 636 320 alio
659 287 764 320 omni
788 297 937 334 genere
961 284 1100 321 exilior
1123 298 1242 335 quam
1266 299 1380 321 man—

205 354 291 397 bus,
330 356 368 390 in
406 353 565 391 homine
605 356 728 391 etiam
765 356 961 391 castratis.
1017 353 1180 391 infantis
1218 357 1257 391 in
1295 368 1380 392 nas·

205 424 331 461 cendo
352 423 460 460 nulla
481 423 641 460 auditur
661 429 756 460 ante
778 437 897 474 quam
918 429 1028 460 totus
1051 429 1232 474 emergat
1253 430 1378 461 utero.

206 496 354 544 primus
383 507 512 530 sermo
541 493 746 537 annicu103
789 499 851 530 set
879 496 1109 531 semenstris
1138 493 1291 531 locutus
1321 500 1381 531 est

206 563 340 600 Croesi
368 563 468 600 filius
495 569 535 600 et
562 566 600 599 in
626 563 850 613 crepundiis
877 563 1057 613 prodigio
1083 577 1161 613 quo
1185 569 1317 600 totum
1343 564 1381 601 id

205 633 376 670 concidit
407 646 587 683 regnum.
643 635 708 683 qui
738 633 904 670 celerius
933 632 1005 669 fari
1034 646 1202 683 ceopere
1230 633 1382 670 tardius

208 702 360 753 ingredi
382 705 587 752 incipiunt.
645 716 718 739 vox
739 703 948 739 roboratur
967 715 989 739 a
1009 715 1075 740 xlv
1094 705 1221 746 annis,
1241 703 1382 740 eadem

208 774 247 809 in
270 777 432 809 senecta
457 772 617 815 exili0r;
656 785 786 822 neque
811 775 849 808 in
873 772 950 809 alio
973 771 1203 809 animalium
1226 775 1383 822 saepius

207 848 399 878 mutatur.

260 911 366 947 Mira
383 917 595 960 praeterea
613 917 705 948 sunt
723 911 774 948 de
793 924 888 948 voce
905 911 1026 961 digna
1044 911 1176 954 dictu3
1206 910 1384 948 theatro-

208 993 294 1016 rum
311 982 350 1016 in
366 980 577 1017 orchestris
594 980 712 1017 scobe
729 986 799 1017 aut
815 979 965 1016 harena
981 983 1206 1029 superiacta
1222 980 1384 1017 devora-

206 1055 287 1093 tur,
306 1052 405 1086 item
421 1050 435 1073 ¹
455 1052 494 1086 in
514 1050 600 1086 rudi
621 1053 820 1099 parietum
839 1052 1110 1092 circumiectu,
1129 1049 1241 1087 doliis
1262 1053 1383 1087 etiam

208 1120 403 1156 inanibus.
458 1122 580 1156 currit
600 1119 741 1156 eadem
762 1124 872 1156 recto
891 1119 953 1156 vel
972 1119 1166 1156 conchato
1185 1123 1383 1169 parietum

208 1191 353 1238 spatio,
386 1191 566 1239 quamvis
600 1188 674 1225 levi
708 1202 804 1225 sono
837 1189 944 1226 dicta
978 1189 1098 1225 verba
1131 1189 1181 1226 ad
1214 1188 1383 1226 alterum

207 1264 329 1308 caput
374 1258 593 1308 perferens,
637 1261 667 1295 si
715 1258 825 1294 nulla
868 1258 1134 1308 inaequalitas
1178 1259 1383 1308 impediat.

207 1342 282 1365 vox
340 1330 380 1364 in
424 1327 584 1365 homine
629 1341 817 1378 magnam
863 1327 992 1365 voltus
1035 1327 1159 1365 habet
1203 1334 1382 1378 partem:

210 1397 488 1448 adgnoscimus
526 1411 575 1435 ea
611 1401 718 1447 prius
755 1411 876 1447 quam
911 1411 1120 1434 cernamus
1156 1410 1235 1434 non
1270 1398 1386 1435 aliter

209 1481 329 1518 quam
359 1467 503 1511 oculis;
547 1467 800 1517 totidemque
829 1473 923 1504 sunt
951 1466 1027 1504 hae
1058 1473 1155 1517 quot
1186 1469 1225 1503 in
1254 1481 1384 1504 rerum

208 1543 353 1574 natura
373 1537 576 1581 mortales,
593 1542 635 1574 et
651 1550 721 1574 sua
740 1539 884 1587 cuique
904 1535 1048 1574 sicutfa
1063 1539 1154 1573 cies.
1214 1536 1304 1574 hinc
1319 1536 1384 1573 illa

209 1606 300 1644 tot²
322 1609 503 1657 gentium
527 1612 671 1657 totque
692 1606 916 1657 linguarum
938 1612 1026 1643 toto
1048 1606 1143 1643 orbe
1165 1606 1386 1649 diversitas,

211 1675 301 1712 hinc
318 1682 379 1713 tot
393 1682 534 1713 cantus
548 1682 589 1713 et
602 1675 751 1713 moduli
765 1675 1051 1725 flexionesque,
1064 1675 1134 1712 sed
1147 1681 1242 1712 ante
1255 1677 1385 1712 omnia

210 1744 441 1794 explanatio
466 1748 586 1782 animi
612 1758 715 1795 quae
744 1758 814 1782 nos
840 1744 1021 1781 distinxit
1042 1758 1065 1781 a
1085 1745 1191 1788 feris,
1217 1750 1258 1781 et
1282 1747 1386 1782 inter

385 1848 396 1867 ²
422 1847 577 1888 Maylzoff
588 1860 595 1879 :
619 1851 664 1878 et..
837 1848 848 1864 '·'
872 1851 926 1878 tot
942 1847 1015 1878 add.
1033 1846 1209 1878 Rackham.

520 1970 534 1983 ‘¹
557 1965 603 1997 At
620 1966 730 1997 Rome
747 1970 900 1996 senators
917 1968 970 1996 sat
988 1965 1074 1996 here.

208 2028 276 2064 602
