1482 2368
122 399 158 429 17

124 952 162 983 18

127 1575 165 1605 19

387 149 576 187 PLINY:
626 149 888 187 NATURAL
923 147 1160 187 HISTORY

184 254 234 292 de
261 252 401 291 Poenis
430 258 578 303 captos.
633 264 732 289 cxnn
761 251 871 289 fuere
901 257 984 296 aut,
1014 258 1060 289 ut
1090 251 1265 302 quidam,
1294 264 1363 289 cxx.

184 326 349 361 travecti
386 323 536 360 ratibus
573 335 670 372 quas
706 321 898 358 doliorum
934 323 1124 358 consertis
1160 321 1362 358 ordinibus

188 395 427 443 inposuerat.
483 391 640 429 Verrius
681 404 746 428 eos
786 403 984 441 pugnasse
1023 393 1062 427 in
1102 393 1203 428 circo
1243 393 1360 428 inter-

185 462 390 512 fectosque
423 461 556 498 iaculis
589 461 726 505 tradit,
758 463 949 510 paenuria
980 460 1142 504 consilii,
1176 463 1363 510 quoniam

186 545 315 582 neque
342 531 391 568 ali
418 531 630 582 placuisset
656 543 786 580 neque
814 530 950 567 donari
977 530 1158 580 regibus3
1201 529 1244 566 L.
1274 529 1362 567 Piso

186 601 366 638 inductos
394 600 605 638 dumtaxat
632 602 672 636 in
700 602 845 636 circum
874 605 1010 649 atque,
1038 605 1082 636 ut
1110 604 1362 649 contemptus

187 683 322 707 eorum
358 672 608 713 incresceret,
645 669 694 706 ab
731 671 917 718 operariis
953 667 1087 705 hastas
1122 668 1363 718 praepilatas

187 738 424 776 habentibus
442 751 513 788 per
529 740 674 775 circum
692 743 823 775 totum
841 743 960 774 actos.
1017 750 1089 774 nec
1107 737 1202 787 quid
1219 737 1363 774 deinde

187 811 232 845 iis
269 807 418 845 factum
456 810 506 845 sit
544 813 724 845 auctores
762 806 963 857 explicant
1001 809 1065 857 qui
1104 820 1182 844 non
1219 812 1364 857 putant

186 877 427 914 interfectos.

241 946 330 983 VII.
361 945 474 983 Clara
502 951 563 983 est
591 948 705 982 unius
735 959 756 982 e
786 945 971 982 Romanis
1000 944 1201 982 dimicatio
1229 945 1366 982 adver-

188 1029 252 1052 sus
297 1014 568 1065 elephantum,
613 1028 702 1051 cum
747 1014 946 1051 Hannibal
991 1016 1167 1064 captivos
1213 1020 1365 1051 nostros

189 1084 375 1121 dimicare
411 1086 514 1121 inter
549 1097 634 1120 sese
670 1086 877 1134 coegisset.
932 1096 1105 1133 namque
1141 1096 1263 1120 unum
1299 1085 1365 1133 qui

189 1158 394 1203 supererat
417 1153 562 1190 obiecit
585 1151 812 1202 elephanto,
835 1158 877 1189 et
899 1152 978 1196 ille,
1001 1152 1148 1189 dimitti
1172 1158 1311 1202 pactus
1333 1154 1364 1189 si

189 1224 469 1266 interemisset,
516 1221 618 1258 solus
664 1224 704 1258 in
749 1221 898 1259 harena
943 1234 1174 1271 congressus
1220 1234 1366 1272 magno

191 1290 411 1328 Poenorum
443 1291 575 1327 dolore
607 1290 788 1328 confecit.
851 1290 1065 1334 Hannibal,
1097 1304 1185 1327 cum
1219 1290 1365 1327 famam

191 1364 273 1398 eius
325 1360 586 1397 dimicationis
638 1366 913 1410 contemptum
966 1360 1188 1397 adlaturam
1240 1360 1366 1397 beluis

190 1430 456 1480 intellegeret,
473 1432 628 1480 equites
644 1432 750 1466 misit
767 1432 831 1480 qui
850 1430 1067 1466 abeuntem
1083 1429 1364 1467 interficerent.

191 1499 464 1550 proboscidem
486 1512 621 1536 eorum
644 1498 827 1536 facillime
850 1501 1046 1549 amputari
1070 1498 1179 1549 Pyrri
1203 1499 1367 1549 proelio·

194 1582 282 1606 rum
297 1571 579 1619 experimentis
594 1571 735 1618 patuit.
768 1568 915 1606 Romae
931 1582 1128 1619 pugnasse
1146 1568 1369 1606 Fenestella

192 1637 315 1675 tradit
360 1640 530 1687 primum
576 1640 750 1674 omnium
797 1640 835 1674 in
880 1640 982 1674 circo
1028 1637 1164 1674 Claudi
1213 1637 1369 1675 Pulchri

193 1707 397 1744 aedilitate
420 1707 543 1744 curuli
568 1706 625 1744 M.
650 1708 825 1744 Antonio
847 1708 895 1744 A.
921 1706 1123 1744 Postumio
1145 1721 1241 1744 coss.
1265 1721 1369 1745 anno

193 1777 298 1814 urbis
345 1789 452 1821 DCLV,
487 1779 584 1813 item
630 1783 719 1826 post
765 1790 886 1814 annos
934 1779 1071 1827 viginti
1117 1776 1369 1814 Lucullorum

127 1850 169 1883 20
198 1846 401 1883 aedilitate
435 1845 557 1883 curuli
593 1845 777 1883 adversus
812 1852 957 1883 tauros.
1013 1844 1173 1896 Pompei
1211 1859 1369 1897 quoque

689 1997 705 2012 ⁶
725 1992 766 2021 55
783 1999 849 2023 13.o.

201 2072 244 2104 14
