1482 2312
398 153 563 191 PLINY
579 168 587 192 ι
639 153 902 192 NATURAL
938 153 1173 191 HISTORY

200 271 367 308 quorum
405 259 580 308 spatiosa
618 256 759 294 laxitas
798 269 890 294 eum
937 259 977 293 in
1025 256 1210 293 inferiora
1248 263 1372 293 trans-

201 332 340 367 mittit.

112 407 175 439 200
251 402 434 440 LXXIX.
465 403 529 440 Ab
545 401 619 439 hoc
635 402 854 439 ventriculo
871 401 994 439 lactes
1010 404 1050 438 in
1067 414 1138 439 ove
1157 408 1198 439 et
1215 400 1373 439 homine

202 488 272 526 per
306 489 402 525 quas
438 475 583 512 labitur
616 476 740 519 cibus,
774 477 814 511 in
847 477 990 512 ceteris
1024 473 1141 511 hillae
1175 488 1199 511 a
1232 475 1373 524 quibus

199 550 404 599 capaciora
416 550 608 585 intestina
622 547 672 585 ad
686 547 1067 597 alvum‚hominique
1080 547 1373 584 flexuosissimis

202 621 372 657 orbibus.
428 620 571 657 idcirco
591 623 717 671 magis
738 620 840 657 avidi
860 621 1036 657 ciborum
1057 621 1199 670 quibus
1219 620 1269 657 ab
1289 619 1374 657 alvo

202 692 353 744 longius
374 696 569 743 spatium3
603 695 701 730 item
721 695 849 729 minus
870 692 1048 730 sollertes
1068 693 1210 743 quibus
1230 693 1374 730 obesis-

199 768 319 802 simus
348 771 498 802 venter.
556 779 646 803 aves
676 779 833 816 quoque
873 768 1051 816 geminos
1085 767 1190 802 sinus
1224 764 1374 803 habent

198 838 410 888 quaedam,
430 852 553 875 unum
573 852 651 888 quo
671 844 907 889 merguntur
921 841 1098 875 recentia
1118 837 1169 874 ad
1185 836 1201 863 1
1220 844 1373 889 guttur,

198 910 367 948 alterum
397 913 436 947 in
466 924 585 961 quem
616 924 665 948 ex
696 924 743 948 eo
773 910 983 947 dimittunt
1011 914 1264 949 concoctione
1293 925 1374 948 ma—

199 989 345 1028 turata,
379 989 424 1020 ut
461 982 646 1034 gallinae,
679 983 900 1034 palumbes,
929 983 1148 1028 columbae,
1181 984 1372 1034 perdices.

111 1060 169 1092 201
196 1062 354 1093 ceterae
378 1055 461 1093 fere
484 1063 622 1093 carent
645 1069 706 1101 eo,
729 1056 800 1093 sed
822 1056 916 1107 gula
944 1058 1169 1107 patentiore
1193 1062 1373 1102 utuntur,

199 1135 243 1166 ut
270 1128 433 1179 graculi,
461 1131 579 1172 corvi,
607 1131 793 1166 cornices.
849 1129 1047 1179 quaedam
1074 1135 1216 1166 neutro
1243 1129 1374 1174 modo,

198 1202 268 1239 sed
286 1208 467 1239 ventrem
479 1205 703 1252 proximum
715 1201 880 1247 habent,
894 1203 1035 1253 quibus
1048 1202 1264 1253 praelonga
1276 1202 1374 1240 colla

199 1281 240 1312 et
288 1281 472 1325 angusta,
516 1281 561 1312 ut
602 1274 868 1326 porphyrioni.
925 1281 1064 1312 venter
1111 1275 1373 1326 solidipedum

198 1361 313 1398 asper
329 1354 371 1385 et
387 1347 519 1385 durus.
575 1350 824 1385 terrestrium
841 1347 925 1384 aliis
942 1348 1212 1385 denticulatae
1229 1351 1374 1399 asperi-

197 1423 306 1465 tatis,
356 1420 440 1457 aliis
490 1420 741 1457 cancellatim
791 1420 996 1457 mordacis.
1053 1421 1194 1471 quibus
1243 1434 1373 1471 neque

198 1493 340 1531 dentes
382 1496 582 1544 utrimque
626 1507 698 1531 nec
740 1496 967 1538 ruminatio,
1009 1493 1072 1530 hic
1113 1494 1373 1531 conficiuntur

113 1571 176 1602 202
198 1567 289 1610 cibi,
304 1566 393 1603 hinc
409 1569 450 1603 in
465 1566 596 1603 alvum
612 1566 863 1603 delabuntur.
920 1566 1052 1603 media
1071 1566 1169 1604 haec
1189 1566 1373 1603 umbilico

198 1639 354 1677 adnexa
373 1640 440 1676 in²
460 1640 655 1684 omnibus,
675 1642 715 1676 in
740 1639 899 1677 homine
929 1639 1065 1677 suillae
1095 1640 1229 1677 infima
1257 1645 1371 1690 parte

197 1712 345 1757 similis,
360 1726 383 1749 a
399 1712 560 1749 Graecis
575 1712 799 1763 appellatur
812 1712 938 1757 colon,
953 1713 1020 1749 ubi
1035 1712 1213 1749 dolorum
1227 1726 1373 1763 magna

197 1799 326 1822 causa.
382 1788 662 1836 angustissima
672 1786 849 1830 canibus,
860 1799 938 1836 qua
951 1785 1001 1822 de
1012 1799 1131 1822 causa
1143 1784 1370 1822 vehementi

198 1860 284 1895 nisu
329 1871 402 1895 nec
447 1860 530 1895 sine
575 1861 753 1895 cruciatu
799 1857 932 1895 levant
978 1871 1078 1895 eam.
1133 1857 1372 1895 insatiabilia

197 1930 425 1967 animalium
453 1931 594 1981 quibus
622 1944 645 1967 a
671 1936 811 1968 ventre
838 1933 1017 1981 protinus
1044 1935 1154 1967 recto
1180 1932 1371 1967 intestino

344 2015 354 2034 ¹
379 2015 542 2056 Deilessen
558 2028 564 2048 :
590 2019 630 2047 ut
648 2016 694 2047 vel
709 2019 780 2047 aut.
938 2015 950 2033 ²
973 2015 1008 2047 in
1023 2014 1098 2047 add.
1116 2014 1223 2047 Gelan.

194 2071 263 2118 558
