1482 2312
160 681 198 711 73

162 1052 201 1080 74

422 142 587 180 PLINY
603 157 611 180 :
663 143 926 180 NATURAL
962 142 1197 181 HISTORY

223 252 316 283 sunt
349 252 486 283 autem
519 249 688 283 minores
723 259 843 296 quam
877 246 1154 282 aliae—unum
1187 260 1313 296 genus
1346 261 1395 284 ex

223 310 376 344 araneis
421 313 633 357 peremunt
677 306 937 358 phalangium
981 307 1227 356 appellatum
1273 314 1314 344 et
1356 311 1396 344 in

223 369 335 406 nidos
353 382 442 406 suos
459 368 607 413 ferunt,
624 368 769 406 deinde
785 368 956 405 inlinunt
975 375 1015 405 et
1034 382 1083 405 ex
1100 367 1159 405 his
1175 369 1397 406 incubando

225 444 338 468 suum
387 443 512 480 genus
561 436 784 480 procreant.
837 436 1049 479 praeterea
1096 443 1233 467 omnes
1279 444 1397 467 carne

224 498 437 529 vescuntur
471 498 610 528 contra
646 505 765 541 quam
802 505 896 541 apes
933 504 1036 541 quae
1072 491 1223 527 nullum
1258 505 1398 541 corpus

225 557 444 603 attingunt.
497 553 568 590 sed
595 566 740 602 vespae
767 566 922 590 muscas
948 552 1178 602 grandiores
1203 559 1399 590 venantur

224 620 515 664 amputatoque
532 617 577 651 iis
595 617 728 664 capite
746 614 939 664 reliquom
957 627 1098 663 corpus
1116 613 1316 651 auferunt.

277 676 521 712 Crabronum
545 675 743 713 silvestres
767 678 806 711 in
827 677 1010 712 arborum
1034 678 1210 712 cavernis
1233 675 1400 726 degunt,

227 737 357 774 hieme
391 743 436 774 ut
469 743 604 774 cetera
637 740 789 773 insecta
821 737 1058 781 conduntur,
1091 739 1173 773 vita
1205 737 1400 774 bimatum

226 812 303 835 non
338 801 491 835 transit.
546 801 646 835 ictus
682 812 817 835 eorum
851 797 958 834 haud
992 804 1144 835 temere
1180 800 1263 835 sine
1298 797 1399 835 febri

227 866 300 897 est.
355 866 534 897 auctores
581 867 672 897 sunt
718 867 779 896 ter
825 862 985 896 novenis
1030 861 1187 909 punctis
1232 859 1398 896 interfici

227 920 438 958 hominem.
494 921 659 958 aliorum
673 924 739 971 qui
752 923 928 958 mitiores
942 921 1126 957 videntur
1139 920 1218 957 duo
1230 933 1400 971 genera:

227 983 399 1033 opifices,
411 986 580 1019 minores
594 995 769 1032 corpore,
782 985 847 1032 qui
861 985 1082 1019 moriuntur
1093 981 1238 1027 hieme,
1250 987 1400 1018 matres

228 1057 330 1094 quae
356 1045 516 1080 biennio
542 1044 711 1087 durant3
750 1043 788 1080 hi
817 1049 858 1080 et
885 1043 1114 1080 clementes
1174 1043 1285 1080 nidos
1309 1057 1400 1080 vere

227 1105 377 1142 faciunt
391 1105 474 1142 fere
490 1105 748 1155 quadrifores,
762 1108 802 1141 in
817 1105 958 1154 quibus
973 1104 1131 1155 opifices
1145 1111 1399 1155 generentur.

228 1166 285 1204 his
320 1167 472 1203 eductis
506 1166 600 1203 alios
634 1167 779 1204 deinde
813 1169 979 1203 maiores
1013 1166 1124 1203 nidos
1159 1166 1329 1216 fingunt,
1362 1169 1402 1202 in

228 1229 369 1278 quibus
387 1234 534 1265 matres
553 1227 705 1264 futuras
724 1231 801 1264 iam
819 1228 1051 1278 producant.
1107 1233 1193 1264 tum
1209 1227 1224 1250 1
1243 1228 1402 1277 opifices

229 1289 448 1340 funguntur
476 1303 640 1326 munere
679 1295 721 1326 et
759 1296 927 1339 pascunt
955 1302 1033 1326 eas.
1089 1289 1203 1325 latior
1229 1295 1401 1325 matrum

229 1354 392 1401 species,
426 1351 670 1401 dubiumque
705 1364 753 1387 an
786 1350 962 1388 habeant
995 1350 1165 1394 aculeos,
1198 1353 1291 1400 quia
1324 1363 1401 1387 non

229 1413 499 1462 egrediuntur.
557 1419 597 1449 et
638 1412 697 1448 his
737 1415 795 1448 sui
835 1411 925 1448 fuci.
991 1411 1152 1462 quidam
1192 1414 1404 1462 opinantur

229 1475 409 1511 omnibus
455 1473 514 1510 his
561 1474 610 1509 ad
657 1473 829 1510 hiemem
876 1473 1059 1510 decidere
1107 1472 1274 1510 aculeos.
1330 1486 1402 1509 nec

229 1537 462 1572 crabronum
496 1541 631 1572 autem
667 1548 738 1571 nec
773 1548 980 1584 vesparum
1013 1537 1149 1584 generi
1184 1547 1298 1584 reges
1332 1540 1402 1571 aut

230 1600 427 1641 examina,
459 1597 529 1633 sed
561 1596 727 1633 subinde
760 1601 972 1633 renovatur
1003 1595 1218 1632 multitudo
1251 1595 1400 1632 subole.

279 1658 402 1695 XXV.
432 1658 629 1704 Quartum
655 1660 760 1695 inter
786 1657 884 1694 haec
909 1670 1035 1708 genus
1063 1663 1125 1694 est
1150 1657 1404 1707 bombycum,

231 1723 270 1756 in
285 1721 447 1770 Assyria
460 1722 707 1770 proveniens,
722 1722 846 1755 maius
865 1732 984 1768 quam
1002 1732 1119 1769 supra
1136 1718 1255 1755 dicta.
1292 1718 1403 1755 nidos

230 1781 314 1818 luto
353 1781 508 1831 fingunt
547 1781 636 1817 salis
675 1783 820 1830 specie,
860 1780 1076 1829 adplicatos
1115 1779 1251 1829 lapidi,
1289 1785 1403 1816 tanta

230 1842 376 1879 duritia
415 1848 460 1879 ut
500 1841 655 1892 spiculis
694 1841 883 1892 perforari
923 1844 985 1877 vix
1026 1843 1188 1891 possint.
1257 1842 1294 1877 in
1346 1839 1404 1876 his

468 1928 478 1946 ¹
502 1927 734 1967 JIayhoff(?):
760 1927 963 1968 producant.
1012 1927 1079 1957 iam
1096 1930 1183 1958 tum.

273 2020 287 2034 ⁰
310 2015 417 2046 Three
428 2015 528 2046 times
541 2014 635 2045 three
651 2015 751 2045 times
764 2014 859 2044 three
871 2014 898 2044 is
911 2013 946 2044 of
962 2023 1078 2044 course
1091 2024 1110 2044 a
1123 2013 1233 2053 magio
1249 2012 1403 2044 number.

229 2064 299 2108 470
