1482 2312
106 480 168 512 264

105 853 168 885 265

105 1226 169 1258 266

389 106 554 144 PLINY
568 121 577 145 :
629 107 892 146 NATURAL
928 107 1164 146 HISTORY

189 209 381 260 genitalia
398 222 421 246 a
437 210 598 247 renibus
617 223 754 247 venae.
808 210 1049 247 buteonibus
1065 213 1182 248 terni.
1216 210 1362 249 homini

189 269 349 300 tanturn
370 265 511 299 iniuria
530 269 600 300 aut
620 269 763 312 sponte
783 269 952 300 naturae
971 263 1225 314 franguntur,
1243 265 1364 315 idque

189 319 356 353 tertium
389 316 439 352 ab
473 315 807 365 hermaphroditis
842 322 884 353 et
917 317 1159 365 spadonibus
1193 320 1363 355 semiviri

190 383 316 420 genus
358 368 522 406 habent.
588 382 718 406 mares
760 372 800 405 in
842 372 947 406 omni
990 383 1139 420 genere
1181 370 1364 408 fortiores

190 428 283 459 sunt
304 428 589 472 praeterquam
612 422 817 472 pantheris
841 428 882 460 et
905 425 1015 460 ursis.

239 475 342 512 CXI.
373 475 535 512 Caudae
556 481 718 525 praeter
738 475 939 512 hominem
961 489 1007 513 ac
1028 478 1160 513 simias
1182 477 1364 514 omnibus

191 528 274 566 fere
313 535 354 566 et
391 528 539 565 animal
575 535 617 566 et
653 542 727 566 ova
763 529 1022 579 gignentibus
1060 542 1130 579 pro
1167 529 1364 567 desiderio

188 595 411 631 corporum,
437 582 568 619 nudae
595 582 721 626 hirtis,
748 588 792 619 ut
819 585 937 631 apris,
962 595 1108 632 parvae
1135 582 1294 626 villosis,
1318 589 1364 621 ut

191 638 302 679 ursis,
341 635 583 685 praelongae
621 638 802 679 saetosis‚
842 641 887 672 ut
927 637 1050 685 equis.
1130 642 1364 685 amputatae

189 687 347 725 lacertis
367 694 407 725 et
426 689 678 738 serpentibus
697 695 969 726 renascuntur.
1024 691 1189 738 piscium
1208 695 1364 727 meatus

189 741 447 793 gubernaculi
472 742 589 779 modo
614 748 773 792 regunt,
797 748 920 792 atque
945 744 1066 778 etiam
1091 744 1130 778 in
1155 742 1364 780 dexteram

190 808 236 832 ac
273 795 427 832 laevam
466 801 601 832 motae
639 801 684 832 ut
723 797 888 845 remigio
927 795 1101 845 quodam
1138 795 1363 845 impellunt.

187 848 345 885 lacertis
398 851 653 885 inveniuntur
704 855 746 885 et
797 851 994 898 geminae.
1058 849 1179 886 boum
1229 849 1364 886 caudis

190 901 439 952 longissimus
464 901 586 938 caulis
612 908 735 952 atque
760 904 800 938 in
826 904 905 938 ima
931 907 1045 951 parte
1071 901 1220 946 hirtus3
1259 902 1364 939 idem

190 957 308 992 asinis
343 954 495 1005 longior
529 968 650 1005 quam
685 957 810 1005 equis,
845 954 916 992 sed
949 961 1129 992 saetosus
1163 957 1362 993 veterinis.

190 1007 294 1045 leoni
312 1010 352 1044 in
371 1011 497 1058 prima
516 1014 631 1058 parte
650 1014 695 1045 ut
713 1009 842 1045 bubus
862 1014 904 1045 et
922 1008 1141 1052 soricibus‚1
1160 1008 1364 1058 pantheris

190 1075 268 1098 non
286 1064 406 1105 item3
439 1061 620 1111 vulpibus
638 1067 680 1099 et
700 1061 801 1111 lupis
819 1061 978 1099 villosus
995 1068 1040 1099 ut
1056 1062 1209 1105 ovibus,
1221 1062 1364 1112 quibus

191 1118 400 1165 procerior.
455 1128 544 1152 sues
578 1118 825 1165 intorquent,
857 1128 1002 1152 canum
1035 1114 1257 1166 degeneres
1291 1116 1364 1152 sub

190 1168 319 1205 alvom
345 1168 570 1206 reflectunt.

239 1221 366 1259 CXII.
397 1222 544 1259 Vocem
569 1235 647 1258 non
671 1221 820 1259 habere
845 1223 916 1259 nisi
942 1234 1045 1272 quae
1069 1221 1298 1271 pulmonem
1323 1228 1364 1259 et

190 1275 405 1312 arteriam²
425 1275 616 1318 habeant,
635 1274 709 1312 hoc
730 1281 791 1312 est
812 1277 884 1312 nisi
906 1288 1009 1325 quae
1029 1277 1194 1324 spirent,
1214 1275 1363 1312 Aristo-

190 1328 293 1366 teles
332 1335 472 1378 putat3
520 1329 664 1366 idcirco
703 1335 745 1366 et
782 1331 943 1365 insectis
976 1341 1115 1366 sonum
1151 1341 1252 1372 esse,
1285 1342 1363 1366 non

192 1395 342 1425 vocem,
374 1385 481 1420 intus
514 1385 718 1419 inmeante
751 1384 892 1431 spiritu
926 1388 967 1419 et
999 1382 1148 1419 incluso
1181 1388 1363 1426 sonante,

190 1434 269 1471 alia
288 1448 467 1472 murmur
493 1435 628 1479 edere,
656 1440 701 1472 ut
728 1447 838 1484 apes,
865 1434 944 1471 alia
969 1435 1250 1472 contractum³
1275 1437 1364 1472 stri-

191 1489 343 1532 dorem,
387 1495 432 1526 ut
475 1489 646 1533 cicadas,
690 1495 897 1539 receptum
944 1491 1051 1526 enim
1093 1488 1247 1526 duobus
1290 1489 1364 1526 sub

191 1548 352 1592 pectore
374 1545 479 1579 cavis
500 1545 697 1592 spiritum,
719 1542 854 1579 mobili
876 1547 1109 1579 occursante
1131 1542 1363 1579 membrana

335 1656 344 1674 ¹
369 1656 557 1687 Rackkam:
581 1656 690 1686 sorici.

331 1698 344 1717 ²
368 1698 523 1739 Mayhoff
533 1711 540 1730 ι
564 1699 716 1730 arterias.

332 1741 344 1759 ³
370 1741 524 1782 Mayhoff
538 1745 729 1778 (contractu
746 1741 944 1781 Dedessen):
968 1750 1045 1772 cum
1063 1745 1185 1772 tractu.

233 1896 247 1910 ‘¹
269 1892 530 1924 Laziane-natal
545 1892 683 1923 disease.

188 1935 489 2020 Vigr'g'tbissgsounds
514 1936 659 1967 referred
684 1939 720 1967 to
744 1945 801 1967 are
825 1935 931 1976 really
957 1935 1079 1967 caused
1107 1935 1150 1976 by
1177 1936 1235 1967 the
1260 1936 1363 1977 wings

191 2040 259 2088 598
