1482 2312
430 145 595 183 PLINY
609 159 618 183 ε
670 145 932 183 NATURAL
968 145 1205 183 HISTORY

236 255 277 286 et
323 261 444 285 novos
490 254 561 284 aut
608 250 730 285 victos
776 250 863 284 iniri
909 251 1143 297 promiscue.
1195 251 1407 298 capiuntur

237 340 395 376 quoque
410 328 673 376 pugnacitate
691 325 868 362 eiusdem
885 325 1071 369 libidinis,
1091 331 1229 362 contra
1245 329 1406 376 aucupis

234 404 393 440 inlicem
433 409 608 440 exeunte
646 406 687 439 in
726 403 920 452 proelium
959 403 1060 440 duce
1098 406 1222 440 totius
1260 407 1406 454 gregis,

235 487 353 531 capto
383 494 429 518 eo
458 480 637 530 procedit
667 480 770 517 alter
798 494 842 517 ac
871 480 1038 518 subinde
1066 481 1222 530 singuli.
1274 495 1406 518 rursus

235 562 337 596 circa
359 565 598 608 conceptum
620 558 793 594 feminae
815 561 1028 607 capiuntur
1048 565 1187 595 contra
1208 572 1406 609 aucupum

154 642 215 674 102
234 636 425 673 feminam
449 642 643 673 exeuntes
666 642 710 672 ut
733 636 900 672 rixando
923 636 1087 686 abigant
1111 649 1212 673 eam.
1266 649 1339 673 nec
1367 639 1406 673 in

235 715 312 751 alio
332 714 492 750 animali
512 727 584 763 par
603 727 700 763 opus
720 713 903 750 libidinis.
958 717 987 750 si
1014 719 1152 750 contra
1177 727 1306 751 mares
1328 720 1407 751 ste·

232 795 357 829 terint
372 791 560 835 feminae,
580 805 675 827 aura
695 791 745 827 ab
769 790 828 827 his
852 791 976 828 flante
999 798 1269 841 praegnantes
1293 792 1407 836 fiunt,

234 869 392 906 hiantes
411 875 547 906 autem
568 875 708 906 exerta
726 869 862 919 lingua
881 882 952 918 per
970 869 1011 906 id
1027 875 1188 919 tempus
1206 875 1405 907 aestuant.

233 950 461 997 concipiunt
499 953 540 984 et
577 947 916 996 supervolantium
955 946 1120 990 adflatu,
1155 960 1276 996 saepe
1313 960 1407 984 voce

233 1031 394 1063 tantum
414 1025 552 1062 audita
571 1024 749 1061 masculi.
804 1024 985 1074 adeoque
1006 1027 1125 1061 vincit
1144 1024 1265 1062 libido
1285 1027 1407 1062 etiam

233 1103 340 1140 fetus
359 1106 585 1145 caritatem,
605 1108 649 1138 ut
668 1102 735 1138 illa
755 1102 891 1138 furtim
913 1108 954 1139 et
973 1105 1012 1138 in
1031 1102 1186 1139 occulto
1203 1103 1408 1147 incubans,

233 1195 323 1218 cum
345 1184 468 1218 sensit
491 1180 681 1216 feminam
706 1183 867 1229 aucupis
890 1180 1149 1216 accedentem
1171 1180 1223 1217 ad
1242 1194 1407 1225 marem,

233 1265 399 1296 recanat
439 1264 681 1308 revocetque
723 1264 761 1294 et
805 1258 911 1294 ultro
950 1258 1145 1307 praebeat
1172 1271 1214 1295 se
1242 1258 1405 1295 libidini.

234 1336 343 1373 rabie
359 1336 521 1386 quidem
534 1341 651 1372 tanta
666 1335 851 1371 feruntur
865 1341 907 1371 ut
923 1338 962 1371 in
976 1338 1108 1385 capite
1122 1338 1407 1385 aucupantium

153 1420 213 1452 103
231 1428 352 1464 saepe
389 1427 533 1451 caecae
582 1416 737 1462 impetu
754 1414 768 1436 1
807 1413 988 1450 sedeant.
1044 1416 1073 1450 si
1113 1414 1163 1450 ad
1201 1413 1338 1451 nidum
1376 1417 1406 1451 is

233 1495 365 1541 coepit
391 1491 595 1533 accedere,
620 1494 814 1540 procurrit
840 1491 891 1527 ad
916 1491 1038 1540 pedes
1065 1493 1147 1527 eius
1172 1490 1271 1534 feta,
1295 1505 1407 1541 prae-

233 1583 396 1620 gravem
425 1575 492 1605 aut
523 1568 751 1605 delumbem
781 1581 867 1604 sese
896 1569 1099 1612 simulans,
1127 1569 1340 1619 subitoque
1366 1572 1406 1605 in

235 1661 423 1697 procursu
448 1653 517 1683 aut
542 1647 651 1683 brevi
679 1646 812 1696 aliquo
838 1646 974 1682 volatu
999 1646 1107 1682 cadit
1131 1646 1259 1683 fracta
1280 1653 1323 1683 ut
1343 1646 1405 1683 ala

235 1731 304 1762 aut
334 1724 517 1774 pedibus,
548 1727 741 1774 procurrit
773 1726 917 1760 iterum
952 1727 1030 1760 iam
1062 1727 1140 1760 iam
1170 1737 1404 1773 prensurum

235 1802 427 1852 effugiens
451 1815 644 1852 spemque
669 1801 876 1845 frustrans,
901 1801 1027 1838 donec
1051 1804 1089 1837 in
1115 1801 1313 1838 diversum
1338 1802 1404 1839 ab·

235 1880 357 1917 ducat
384 1894 406 1917 a
433 1880 546 1917 nidis.
607 1879 749 1916 eadem
777 1882 817 1915 in
844 1892 990 1928 pavore
1016 1879 1140 1916 libera
1160 1892 1205 1915 ac
1223 1886 1405 1917 materna

333 1999 340 2015 ¹
365 1999 436 2029 εῙαπ
454 2002 574 2036 (motu,
593 1999 679 2029 initu
696 1997 775 2034 (dii3
805 2008 850 2028 an
867 2007 966 2028 caeco
983 1999 1113 2038 impetu
1126 2001 1154 2037 2)
1169 2009 1176 2029 :
1207 2000 1311 2029 metu.

233 2069 303 2116 356
