1482 2312
462 135 650 172 PLINY:
704 136 966 173 NATURAL
1003 136 1240 173 HISTORY

267 241 493 283 misceatur,
519 237 728 275 adsidente
755 240 822 288 qui
848 238 986 275 crebro
1012 237 1119 274 dicat
1145 250 1194 275 ea
1218 250 1322 288 quae
1347 250 1437 275 con-

267 300 352 337 dita
371 300 466 337 velit
486 313 531 337 ac
550 300 645 336 cibis
666 299 909 336 blandiente.

185 367 243 397 121
322 361 404 398 LX.
435 361 642 398 Reddatur
671 366 713 398 et
738 363 861 397 corvis
891 373 961 397 sua
990 362 1134 410 gratia,
1162 360 1437 411 indignatione

264 436 422 473 quoque
437 422 571 473 populi
587 422 753 459 Romani
769 427 933 466 testata,
948 435 1026 458 non
1041 421 1167 458 solum
1181 423 1434 459 conscientia.

266 485 423 521 Tiberio
460 486 637 534 principe
676 496 725 520 ex
763 482 851 520 fetu
889 496 1007 533 supra
1045 482 1254 520 Castorum
1293 484 1437 521 aedem

266 548 404 596 genito
450 545 579 595 pullus
625 547 666 581 in
712 545 935 595 adpositam
982 546 1176 581 sutrinam
1223 544 1436 589 devolavit,

267 610 390 644 etiarn
420 607 609 657 religione
640 606 942 643 commendatus
972 606 1149 643 officinae
1180 605 1351 642 domino.
1405 608 1438 643 is

266 674 422 705 mature
442 670 611 705 sermoni
633 667 901 712 adsuefactus,
921 668 1102 704 omnibus
1122 669 1328 704 matutinis
1349 679 1438 704 evo-

266 729 350 766 lans
383 733 423 766 in
448 735 575 766 rostra
600 731 640 765 in
667 728 795 766 forum
822 741 955 765 versus
981 729 1196 772 Tiberium,
1222 728 1315 765 dein
1341 727 1438 765 Ger-

265 793 464 827 manicum
509 796 552 827 et
598 791 773 827 Drusum
819 789 1007 827 Caesares
1053 791 1301 834 nominatim,
1345 802 1437 826 mox

265 857 542 889 transeuntem
572 851 764 902 populum
795 851 1019 888 Romanum
1049 850 1265 895 salutabat,
1296 855 1438 900 postea

266 913 316 950 ad
353 913 562 950 tabernam
599 925 796 957 remeans,
833 912 1004 962 plurium
1042 925 1234 949 annorum
1272 911 1437 949 adsiduo

185 979 245 1009 122
269 975 394 1011 officio
441 976 574 1011 mirus.
629 973 733 1010 hunc
780 976 862 1011 sive
910 973 1177 1010 aemulatione
1226 974 1437 1010 vicinitatis

265 1048 453 1085 manceps
474 1037 679 1086 proximae
701 1037 876 1072 sutrinae
898 1037 980 1072 sive
1001 1034 1204 1071 iracundia
1225 1034 1371 1078 subita,
1392 1039 1437 1071 ut

266 1096 389 1133 voluit
424 1096 561 1140 videri,
597 1098 862 1133 excrementis
886 1094 1073 1146 aspersal
1100 1095 1241 1133 calceis
1265 1095 1433 1139 macula,

266 1160 509 1195 exanimavit
546 1163 661 1194 tanta
697 1157 828 1208 plebei
865 1159 1186 1194 consternatione
1223 1162 1269 1193 ut
1304 1159 1432 1207 primo

266 1219 400 1270 pulsus
410 1233 458 1256 ex
469 1232 516 1256 ea
528 1222 705 1269 regione,
718 1232 810 1256 mox
826 1224 868 1256 et
881 1221 1146 1269 interemptus
1160 1220 1225 1262 sit,
1238 1217 1436 1269 funusque

267 1280 350 1318 aliti
397 1283 612 1317 innumeris
658 1280 904 1318 celebratum
952 1282 1144 1330 exequiis,
1190 1285 1436 1317 constratum

266 1342 414 1380 lectum
428 1356 546 1393 super
559 1342 804 1393 Aethiopum
819 1342 986 1379 duorum
1000 1355 1156 1379 umeros
1169 1341 1436 1392 praecedente

266 1405 428 1442 tibicine
448 1410 490 1442 et
508 1407 659 1442 coronis
679 1406 854 1441 omnium
873 1417 1066 1454 generum
1085 1403 1135 1440 ad
1153 1417 1294 1454 rogum
1311 1416 1437 1454 usque

267 1469 333 1516 qui
349 1472 598 1503 constructus
614 1466 757 1503 dextra
772 1468 858 1503 viae
875 1466 1030 1516 Appiae
1047 1465 1098 1502 ad
1113 1465 1330 1502 secundum
1341 1464 1437 1516 lapi-

184 1533 244 1565 123
269 1528 361 1564 dem
374 1530 414 1564 in
426 1541 566 1578 campo
580 1528 757 1565 Rediculi
772 1527 972 1578 appellato
985 1526 1073 1564 fuit.
1114 1527 1214 1564 adeo
1226 1529 1322 1564 satis
1333 1529 1438 1564 iusta

266 1603 384 1626 causa
403 1590 549 1640 populo
569 1589 748 1627 Romano
768 1592 850 1626 visa
870 1595 931 1626 est
952 1591 1211 1640 exequiarum
1231 1591 1436 1638 ingenium

266 1653 348 1688 avis
369 1665 413 1688 ac
426 1652 440 1675 ²
460 1651 639 1702 supplicii
665 1651 715 1688 de
741 1653 825 1688 cive
845 1650 1024 1688 Romano
1042 1653 1083 1687 in
1109 1663 1157 1688 ea
1176 1651 1273 1688 urbe
1298 1652 1339 1687 in
1358 1664 1437 1701 qua

603 1755 614 1773 ²
639 1754 872 1795 Mayhosf(?):
897 1754 970 1785 eius
986 1754 1108 1795 posita.

601 1797 613 1816 ²
635 1800 700 1829 ac?
719 1796 893 1838 Mayhoff:
918 1800 989 1828 aut.

307 1906 321 1920 ‘²
344 1901 433 1932 Here
460 1900 634 1932 Hannibal
661 1901 783 1932 turned
812 1901 897 1931 back
925 1900 1046 1939 (rediit)
1074 1900 1161 1931 from
1188 1899 1363 1941 marching
1392 1910 1435 1931 on

262 1944 380 1981 Rome,
405 1944 472 1975 and
495 1944 588 1975 there
611 1954 679 1975 was
701 1955 721 1975 a
743 1943 862 1984 chapel
884 1947 920 1974 to
944 1943 1137 1980 Redimlus,
1161 1954 1181 1974 a
1203 1943 1297 1985 deity
1321 1943 1435 1975 whose

262 1998 361 2018 name
378 1987 664 2018 commemorated
681 1986 739 2018 the
756 1990 868 2017 event.

265 2060 335 2096 370
