1482 2312
175 562 214 592 19

175 1116 216 1146 20

434 143 599 181 PLINY
615 157 622 181 :
675 143 937 181 NATURAL
974 143 1208 182 HISTORY

237 251 384 298 quippe
414 261 505 284 cum
535 249 575 283 in
608 247 801 296 Hispania
831 246 958 283 multa
988 249 1028 283 in
1058 250 1261 297 spartariis
1290 248 1410 285 mella

238 309 402 346 herbam
424 322 512 345 eam
532 311 702 358 sapiant.
755 307 855 345 falso
876 313 918 344 et
943 307 1051 345 oleas
1078 311 1204 358 excipi
1231 310 1411 354 arbitror,

238 374 384 421 quippe
432 370 557 406 olivae
611 375 807 419 proventu
854 369 1023 419 plurima
1071 373 1255 406 examina
1302 374 1409 421 gigni

236 438 390 469 certum
421 438 493 468 est.
548 431 739 468 fructibus
769 430 884 468 nullis
919 437 1096 468 nocetur.
1156 435 1322 469 mortuis
1361 446 1411 470 ne

237 494 395 530 floribus
439 493 613 543 quidem,
656 506 733 529 non
784 492 901 529 modo
942 493 1182 542 corporibus,
1223 494 1410 531 insidunt.

237 561 453 605 operantur
471 557 577 591 intra
601 567 646 591 Lx
672 567 808 603 passus
838 559 880 590 et
907 554 1074 591 subinde
1102 558 1344 605 consumptis
1372 558 1412 592 in

237 619 416 667 proximo
453 616 612 652 floribus
649 615 918 665 speculatores
955 616 1006 652 ad
1042 616 1190 665 pabula
1226 617 1411 654 ulteriora

238 682 417 715 mittunt.
477 683 597 714 noctu
630 677 902 726 deprehensae
935 680 975 713 in
1009 677 1263 727 expeditione
1297 692 1412 716 excu-

239 741 337 777 bant
359 742 537 789 supinae,
556 745 600 776 ut
623 739 705 775 alas
729 752 749 774 a
773 752 859 775 rore
878 744 1107 789 protegant.

296 801 366 838 IX.
397 801 457 838 Ne
478 803 563 851 quis
584 803 750 837 miretur
774 813 908 837 amore
935 814 1073 837 earum
1097 807 1236 851 captos
1262 801 1412 839 Aristo-

239 863 424 900 machum
444 862 648 899 Solensem
671 862 1015 911 duodesexaginta
1043 865 1155 899 annis
1184 862 1279 899 nihil
1307 863 1414 901 aliud

241 928 382 976 egisse,
415 924 627 961 Philiscum
672 937 764 960 vero
801 923 989 960 Thasium
1035 926 1075 960 in
1113 924 1281 961 desertis
1319 938 1413 975 apes

239 987 438 1023 colentem
458 986 625 1035 Agrium
646 988 985 1035 cognominatum,
1000 988 1066 1035 qui
1087 986 1204 1022 ambo
1224 988 1413 1036 scripsere

240 1048 290 1085 de
312 1050 369 1085 iis.

289 1109 337 1146 X.
367 1109 485 1146 Ratio
521 1112 650 1158 operis
688 1112 786 1145 mire
824 1108 986 1145 divisi1:
1023 1111 1144 1145 statio
1187 1109 1239 1146 ad
1280 1115 1415 1159 portas

239 1184 348 1208 more
380 1176 621 1213 castrorum3
668 1172 778 1220 quies
814 1172 855 1205 in
887 1172 1144 1213 matutinum,
1176 1170 1302 1207 donec
1336 1184 1415 1208 una

241 1236 391 1270 excitet
419 1234 578 1283 gemino
602 1237 671 1268 aut
694 1231 838 1280 triplici
862 1231 1007 1268 bombo
1030 1237 1075 1268 ut
1098 1231 1240 1268 bucino
1262 1232 1416 1282 aliquo;

239 1301 335 1331 tunc
358 1296 564 1330 universae
587 1293 809 1342 provolant,
832 1295 862 1329 si
885 1293 969 1330 dies
991 1295 1098 1329 mitis
1123 1292 1279 1330 futurus
1305 1300 1416 1331 est—

239 1355 515 1405 praedivinant
565 1357 668 1391 enim
720 1360 858 1391 ventos
910 1354 1149 1404 imbresque,
1199 1355 1319 1392 cum2
1373 1369 1416 1393 se

239 1420 446 1454 continent
487 1419 620 1459 tectis,
661 1419 798 1466 itaque
839 1415 1079 1465 temperiei3
1120 1416 1219 1453 caeli
1260 1417 1416 1454 otium‘1

241 1478 314 1515 hoc
343 1481 448 1515 inter
477 1481 673 1527 praescita
704 1476 867 1514 habent..
921 1491 1011 1514 cum
1041 1490 1186 1527 agmen
1215 1477 1267 1515 ad
1295 1491 1415 1527 opera

241 1542 444 1590 processit,
467 1538 569 1575 aliae
591 1538 705 1575 flores
727 1538 924 1589 adgerunt
946 1538 1127 1588 pedibus,
1149 1538 1251 1576 aliae
1272 1552 1415 1589 aquam

178 1608 195 1622 ⁰
241 1614 308 1638 ore
336 1606 554 1652 guttasque
582 1600 771 1650 lanugine
799 1603 923 1637 totius
948 1603 1132 1650 corporis.
1185 1600 1326 1650 quibus
1356 1608 1416 1638 est

242 1676 378 1700 earum
408 1662 679 1699 adulescentia
708 1661 758 1698 ad
788 1675 909 1711 opera
939 1667 1089 1699 exeunt
1119 1667 1161 1699 et
1190 1662 1416 1712 supradicta

239 1723 479 1767 convehunt,
517 1726 690 1760 seniores
729 1726 835 1759 intus
874 1728 1101 1772 operantur.
1160 1736 1263 1773 quae
1302 1723 1415 1761 flores

241 1791 494 1836 conportant,
523 1785 715 1834 prioribus
741 1784 909 1834 pedibus
935 1784 1084 1821 femina
1107 1789 1276 1821 onerant
1300 1798 1415 1835 prop-

455 1879 466 1898 ¹
491 1878 654 1919 Mayhoff,
670 1878 712 1920 cf.
730 1879 763 1918 ἓξ
778 1879 831 1915 23,
849 1879 890 1909 25
905 1890 913 1909 z
938 1878 1048 1920 operis
1063 1878 1222 1910 interdiu.

453 1921 466 1941 ⁸
489 1921 664 1962 Mayimff2
688 1921 734 1952 ni.

451 1965 464 1983 ³
487 1964 677 1996 Rackham:
701 1963 883 2004 temperies
899 1963 1076 2005 (temperie
1091 1962 1187 2004 edd.).

453 2008 465 2026 4
488 2006 644 2048 Mayhoff
655 2019 662 2038 ε
686 2016 765 2038 eum
780 2010 837 2038 aut
852 2009 939 2037 tum.
