1482 2312
136 633 197 663 184

414 140 601 179 PLINY:
652 140 914 178 NATURAL
949 139 1183 178 HISTORY

215 244 436 294 suffraginis
483 245 712 293 contingat:
778 243 955 279 breviore
1003 255 1081 278 non
1129 242 1258 278 litant.
1313 241 1385 278 hoc

218 321 376 358 quoque
413 312 611 350 notatum,
648 306 790 343 vitulos
827 305 878 342 ad
913 318 1000 342 aras
1037 308 1183 342 umeris
1219 304 1386 342 hominis

217 371 371 408 adlatos
401 384 479 407 non
508 370 592 407 fere
621 370 757 413 litari,1
788 372 890 406 sicut
926 382 999 406 nec
1028 369 1279 406 claudicante
1313 382 1386 406 nec

217 435 347 472 aliena
374 434 504 471 hostia
531 434 626 471 deos
654 433 803 483 placari
832 446 905 470 nec
931 432 1120 470 trahente
1148 446 1191 470 se
1219 433 1270 469 ab
1297 435 1385 470 aris.

217 505 279 537 est
308 499 494 548 frequens
524 501 563 534 in
585 497 772 547 prodigiis
795 500 1010 546 priscorum
1033 497 1174 534 bovem
1196 496 1387 541 locutum,

219 577 296 613 quo
311 565 496 599 nuntiato
511 567 696 598 senatum
712 561 784 598 sub
800 561 867 597 diu
882 560 1020 597 haberi
1036 560 1208 598 solitum.

273 626 417 663 LXXI.
447 625 522 662 Bos
540 628 579 661 in
598 626 787 675 Aegypto
806 627 928 661 etiam
946 627 1115 661 numinis
1129 627 1212 662 vice
1224 624 1388 670 colitur3

219 691 326 740 Apin
344 696 497 727 vocant.
554 692 708 739 insigne
734 692 769 726 ei
794 691 835 724 in
859 688 1002 725 dextro
1025 688 1154 725 latere
1177 689 1389 725 candicans

219 753 373 791 macula
407 754 590 790 cornibus
626 753 743 789 lunae
778 765 955 789 crescere
991 754 1229 802 incipientis,
1264 752 1389 790 nodus

219 818 292 855 sub
323 818 459 867 lingua
474 831 594 867 quem
608 816 843 854 cantharum
868 816 1085 866 appellant.
1140 830 1218 853 non
1244 822 1304 854 est
1329 816 1388 853 sas

220 895 311 919 eum
347 887 477 918 certos
514 884 620 918 vitae
657 880 852 917 excedere
888 893 1025 925 annos,
1060 893 1314 931 mersumque
1350 883 1389 917 in

219 945 470 983 sacerdotum
486 944 598 982 fonte
613 950 759 981 necant
775 947 993 994 quaesituri
1008 944 1118 981 luctu
1133 944 1254 981 alium
1270 957 1389 994 quem

219 1010 480 1053 substituant,
519 1014 560 1046 et
597 1008 723 1045 donec
761 1011 985 1045 invenerint
1022 1014 1204 1046 maerent
1241 1008 1389 1046 derasis

220 1076 343 1110 etiam
361 1073 571 1123 capitibus.
626 1086 699 1110 nec
717 1078 856 1109 tamen
876 1085 1065 1122 umquam
1085 1072 1153 1109 diu
1173 1076 1388 1122 quaeritur.

219 1140 402 1174 inventus
445 1137 655 1174 deducitur
702 1135 927 1186 Memphim
968 1150 991 1172 a
1032 1136 1303 1174 sacerdotibus
1354 1151 1387 1175 c.

219 1201 387 1239 delubra
415 1204 450 1238 ei
479 1204 653 1252 gemina,
683 1214 785 1251 quae
814 1206 957 1237 vocant
984 1200 1197 1244 thalamos,
1225 1203 1391 1251 auguria

220 1265 476 1315 populorum:
519 1265 691 1302 alterum
719 1267 887 1302 intrasse
913 1264 1065 1301 laetum
1095 1270 1169 1309 est,
1196 1267 1237 1301 in
1263 1265 1390 1302 altero

221 1329 306 1367 dira
356 1329 572 1379 portendit.
628 1342 815 1378 responsa
863 1331 1027 1378 privatis
1077 1328 1148 1365 dat
1198 1342 1220 1366 e
1270 1342 1390 1366 manu

221 1393 510 1430 consulentium
539 1393 671 1430 eibum
698 1392 915 1442 capiend03
957 1392 1183 1430 Germanici
1211 1392 1390 1430 Caesaris

221 1471 383 1495 manum
420 1463 624 1494 aversatus
661 1463 721 1494 est
757 1456 856 1493 haut
885 1456 1012 1494 multo
1039 1462 1181 1506 postea
1209 1459 1388 1494 extincti.

221 1527 356 1558 cetero
381 1527 572 1565 secretus,
597 1535 686 1558 cum
713 1534 754 1558 se
781 1523 974 1570 proripuit
999 1523 1039 1557 in
1064 1526 1216 1565 coetus,
1242 1521 1390 1558 incedit

222 1586 408 1622 submotu
436 1585 633 1629 lictorum,
659 1598 883 1635 gregesque
910 1598 1122 1634 puerorum
1149 1587 1391 1621 comitantur

220 1662 381 1686 carmen
408 1649 544 1686 honori
571 1652 654 1686 eius
680 1652 932 1692 canentium3
973 1648 1208 1699 intellegere
1234 1648 1390 1686 videtur

569 1769 580 1787 ยน
603 1767 719 1799 litari?
736 1767 886 1799 Brotz'er:
911 1766 1018 1798 litare.

261 1945 275 1958 โฐ
298 1945 368 1967 AJ).
390 1936 445 1972 49,
461 1935 495 1966 in
511 1934 637 1976 Egypt.
685 1934 748 1965 His
773 1933 908 1965 murder
932 1944 1001 1965 was
1025 1933 1216 1966 attributed
1239 1937 1275 1965 to
1300 1934 1387 1971 Piso,

220 1978 327 2019 legate
344 1978 378 2009 of
394 1978 500 2019 Syria.

227 2049 292 2085 128
