1482 2312
133 314 197 346 203

133 827 198 858 204

133 1341 196 1373 205

418 141 545 180 PLIN
549 142 584 179 Y
599 156 607 179 z
643 142 907 179 NATURAL
963 141 1198 179 HISTORY

221 250 431 283 transeunt
448 245 539 289 cibi,
558 250 604 282 ut
621 243 722 295 lupis
741 246 923 281 cervariis
943 250 984 281 et
1002 246 1107 281 inter
1124 257 1215 281 aves
1234 246 1390 294 mergis.

221 315 379 346 ventres
415 308 628 359 elephanto
664 314 867 358 quattuor,
902 314 1037 345 cetera
1075 308 1193 345 subus
1240 307 1392 352 similia,

222 373 356 424 pulmo
403 372 623 424 quadruplo
670 375 794 409 maior
836 372 995 409 bubulo.
1062 373 1197 409 avibus
1255 378 1394 409 venter

221 451 406 474 carnosus
438 437 695 487 callosusque.
753 439 792 473 in
823 442 962 474 ventre
994 436 1248 473 hirundinum
1279 436 1393 486 pullis

223 501 343 552 lapilli
383 501 552 538 candido
591 506 661 538 aut
700 502 858 538 rubenti
898 500 1040 544 colore,
1081 503 1145 551 qui
1185 499 1391 537 chelidonii

223 571 426 610 vocantur,
445 568 608 616 magicis
627 567 775 601 narrati
795 565 958 609 artibus,
978 567 1239 615 reperiuntur.
1295 570 1337 601 et
1355 566 1394 601 in

224 633 476 666 iuvencarum
504 629 677 666 secundo
705 635 844 666 ventre
872 628 974 679 pilae
1003 629 1250 666 rotunditate
1277 631 1394 679 nigri-

222 707 313 731 cans
348 693 507 744 tophus,
542 693 648 730 nullo
682 693 872 744 pondere,
907 693 1118 744 singulare,
1154 699 1199 730 ut
1234 699 1394 744 putant,

223 758 442 795 remedium
460 771 578 808 aegre
595 758 840 808 parientibus
858 760 889 794 si
905 757 1090 794 tellurem
1106 771 1184 794 non
1201 759 1392 808 attigerit.

274 822 434 859 LXXX.
465 822 717 859 Ventriculus
764 828 885 872 atque
932 824 1123 859 intestina
1168 824 1304 872 pingui
1351 835 1395 858 ac

222 889 332 923 tenui
355 892 516 923 omento
538 889 774 937 integuntur
794 892 1078 936 praeterquam
1100 899 1173 923 ova
1193 888 1376 937 gignenti

222 951 305 988 bus.
361 949 451 988 huic
472 951 700 988 adnectitur
729 950 807 987 lien
834 952 873 987 in
896 953 1053 987 sinistra
1073 956 1187 1001 parte
1209 950 1394 988 adversus

222 1018 353 1059 iecori,
394 1029 483 1052 cum
525 1028 602 1065 quo
644 1014 772 1052 locum
814 1014 1026 1065 aliquando
1066 1020 1284 1066 permutat,
1326 1014 1395 1052 sed

222 1079 457 1130 prodigiose.
514 1079 676 1129 quidam
696 1093 787 1116 eum
806 1085 951 1130 putant
970 1081 1097 1116 inesse
1117 1092 1190 1116 ova
1208 1081 1395 1130 parienti-

221 1145 308 1188 bus,
331 1146 428 1180 item
450 1144 701 1194 serpentibus
725 1143 939 1181 admodum
962 1146 1173 1194 exiguum3
1208 1145 1266 1180 ita
1286 1149 1395 1180 certe

223 1214 389 1259 apparet
410 1210 449 1244 in
471 1208 675 1245 testudine
697 1214 739 1246 et
759 1207 954 1245 crocodilo
976 1214 1017 1245 et
1039 1207 1194 1245 lacertis
1216 1214 1258 1245 et
1278 1210 1393 1245 ranis.

221 1272 488 1323 aegocephalo
518 1275 577 1309 avi
609 1285 686 1309 non
713 1275 841 1309 inesse
867 1278 1037 1316 constat,
1063 1285 1191 1322 neque
1219 1274 1264 1308 iis
1292 1283 1394 1322 quae

219 1343 380 1373 careant
419 1339 621 1387 sanguine.
678 1337 874 1387 peculiare
909 1350 1043 1373 cursus
1079 1336 1395 1387 inpedimentum

221 1401 432 1451 aliquando
479 1404 517 1437 in
564 1414 624 1445 eo,
666 1402 923 1452 quamobrem
965 1403 1154 1438 minuitur
1194 1414 1395 1437 cursorum

223 1464 502 1502 laborantibus.
562 1472 603 1502 et
630 1479 700 1516 per
726 1466 866 1502 vulnus
893 1468 1015 1502 etiam
1046 1471 1233 1515 exempto
1263 1467 1393 1502 vivere

222 1529 406 1566 animalia
422 1529 597 1566 tradunt.
640 1536 732 1567 sunt
748 1533 813 1580 qui
830 1535 975 1580 putent
997 1529 1115 1566 adimi
1137 1529 1253 1566 simul
1273 1531 1393 1566 risum

223 1592 366 1629 homini
423 1596 852 1644 intemperantiamque
907 1596 989 1631 eius
1045 1600 1225 1630 constare
1283 1593 1393 1630 lienis

221 1658 507 1708 magnitudine.
564 1659 682 1695 Asiae
708 1661 816 1709 regio
841 1657 993 1708 Scepsis
1015 1657 1237 1708 appellatur
1256 1659 1296 1694 in
1316 1670 1394 1707 qua

221 1724 401 1759 minimos
440 1735 525 1759 esse
563 1725 692 1772 pecori
734 1722 910 1765 tradunt,
951 1728 992 1759 et
1031 1722 1122 1759 inde
1161 1721 1211 1758 ad
1251 1721 1393 1759 lienem

222 1785 405 1823 invectal
426 1786 611 1823 remedia.

643 1868 653 1886 ¹
677 1866 784 1907 Chz‘ffl.
798 1880 805 1898 :
832 1868 980 1898 inventa.

408 1974 422 1989 ⁰
445 1970 565 2011 Really
583 1970 658 2003 five.

402 2012 414 2030 ¹²
437 2013 558 2054 Reauy
575 2014 611 2045 of
627 2013 700 2045 hair
717 2014 794 2045 that
810 2014 892 2054 they
910 2014 998 2045 have
1013 2013 1213 2045 swallowed.

220 2059 288 2106 560
