1482 2312
165 570 206 600 39

166 938 208 968 40

166 1245 203 1276 41

430 155 618 193 PLINY:
671 155 933 193 NATURAL
971 155 1205 194 HISTORY

231 264 405 294 mustum
468 257 961 308 oleumque—appellatur
1022 260 1403 294 acetum—maxime

234 319 430 356 laudabile
449 325 522 355 est.
577 322 769 355 aestivum
793 331 909 355 omne
928 318 1103 362 rutilum,
1122 324 1166 354 ut
1183 319 1405 355 siccioribus

230 380 456 417 confectum
482 380 634 417 diebus.
688 380 822 416 album
855 379 934 416 mel
958 393 1036 416 non
1062 379 1106 416 fit
1132 380 1197 416 ubi
1222 379 1405 430 thymum

233 448 307 484 est,
327 441 397 478 sed
425 441 545 478 oculis
566 447 607 478 et
627 441 823 478 ulceribus
849 444 1095 490 aptissimum
1116 443 1366 477 existimatur
1383 454 1405 477 e

230 502 384 553 thymo,
402 502 541 539 coloris
561 505 683 546 aurei,
701 505 849 552 saporis
868 505 1092 552 gratissimi.
1145 505 1224 538 coit
1241 501 1256 524 1
1273 501 1404 551 palam

233 576 254 600 e
281 564 390 600 violis
407 563 422 586 2
448 567 610 614 pingue,
641 577 662 600 e
689 567 841 600 marino
867 577 953 600 rore
980 567 1161 613 spissum,
1187 563 1293 613 quod
1316 576 1407 600 con-

229 628 369 662 crescit
416 631 552 662 autem
599 628 760 661 minime
805 625 1003 661 laudatur.
1056 624 1284 675 thymosum
1329 638 1406 661 non

230 689 310 723 coit
334 692 375 723 et
397 692 511 723 tactu
541 689 776 736 praetenuia
800 687 865 723 fila
888 686 1088 729 remittit‚3
1111 686 1217 736 quod
1238 689 1407 735 primum

231 748 422 785 bonitatis
471 754 752 798 argumentum
803 754 886 791 est3
953 748 1131 797 abrumpi
1181 750 1318 784 statim
1367 753 1407 784 et

232 809 380 846 resilire
414 815 552 859 guttas
587 809 750 846 vilitatis
784 809 970 846 indicium
1004 808 1186 846 habetur.
1240 822 1408 858 sequens

231 871 415 920 probatio
432 877 476 907 ut
493 874 543 908 sit
560 871 771 908 odoratum
789 877 830 908 et
848 884 897 908 ex
914 871 1017 908 dulci
1034 884 1138 914 acre,
1153 870 1409 921 glutinosum,

233 932 492 982 perlucidum.
547 946 596 969 ex
615 932 631 955 4
645 935 795 969 aestiva
815 932 1046 969 mellatione
1062 945 1086 969 x
1105 938 1260 982 partem
1276 931 1409 968 Cassio

234 993 424 1044 Dionysio
461 995 600 1044 apibus
638 994 803 1044 relinqui
842 994 990 1043 placet,
1026 997 1055 1030 si
1093 993 1235 1043 plenae
1263 993 1409 1030 fuerint

233 1055 331 1099 alvi3
379 1058 409 1092 si
457 1059 600 1099 minus,
635 1069 706 1105 pro
741 1062 830 1092 rata
866 1058 1046 1105 portione
1083 1061 1166 1099 aut,
1201 1057 1230 1091 si
1259 1057 1410 1098 inanes,

232 1119 391 1154 omnino
419 1130 497 1154 non
524 1120 682 1167 attingi.
737 1116 826 1154 huic
854 1117 1076 1154 vindemiae
1104 1117 1227 1153 Attici
1254 1119 1410 1166 signum

232 1178 379 1215 dedere
402 1181 558 1215 initium
578 1178 765 1228 caprifici,
786 1179 850 1215 alii
872 1178 978 1215 diem
999 1178 1174 1214 Volcano
1193 1191 1359 1214 sacrum.

282 1240 461 1277 Tertium
486 1253 612 1291 genus
643 1240 771 1276 mellis
796 1243 957 1276 minime
983 1240 1194 1289 probatum
1220 1239 1410 1283 silvestre,

232 1302 339 1351 quod
387 1305 585 1339 ericaeum
642 1308 796 1338 vocant.
850 1301 1082 1338 convehitur
1130 1307 1218 1351 post
1267 1304 1410 1350 primos

233 1366 412 1400 autumni
436 1364 594 1407 imbres,
615 1377 705 1400 cum
728 1366 831 1400 erice
853 1363 937 1400 sola
958 1362 1071 1399 floret
1102 1366 1142 1398 in
1163 1362 1280 1406 silvis,
1301 1363 1351 1399 ob
1371 1362 1411 1400 id

232 1423 425 1462 harenoso
450 1425 588 1462 simile.
642 1428 771 1475 gignit
796 1425 836 1462 id
861 1438 1047 1461 maxume
1073 1425 1231 1461 Arcturi
1251 1430 1411 1461 exortus

234 1499 283 1523 ex
307 1500 341 1523 a.
366 1486 403 1523 d.
430 1500 486 1536 pr.
511 1487 562 1524 id.
587 1486 844 1536 Septembris.
871 1487 1032 1536 quidam
1061 1488 1252 1523 aestivam
1275 1485 1412 1522 mella—

232 1550 383 1585 tionem
414 1548 465 1585 ad
497 1550 653 1586 Arcturi
687 1554 870 1585 exortum
901 1547 1122 1598 proferunt,
1146 1550 1331 1597 quoniam
1362 1547 1412 1584 ad

233 1613 530 1659 aequinoctium
556 1612 737 1646 autumni
772 1610 823 1646 ab
858 1623 905 1646 eo
939 1611 1137 1659 supersint
1161 1609 1244 1646 dies
1268 1621 1346 1652 xlv,
1370 1614 1411 1645 et

233 1671 283 1707 ab
333 1674 584 1722 aequinoctio
630 1671 681 1709 ad
730 1671 994 1722 Vergiliarum
1043 1683 1222 1707 occasum
1273 1670 1411 1706 diebus

235 1745 406 1770 xxxxvni
467 1733 637 1783 plurima
697 1736 747 1770 sit
809 1736 923 1770 erice.
996 1731 1262 1769 Athenienses
1323 1745 1411 1768 eam

428 1836 438 1854 ¹
462 1835 626 1876 Detlefsen
642 1848 649 1866 :
674 1835 755 1866 cofit
772 1841 828 1867 aut
845 1846 914 1875 quo
930 1835 979 1867 fit.

424 1878 436 1896 ²
458 1889 476 1909 e
493 1878 619 1909 violis?
639 1878 813 1918 Mayhofft
839 1878 985 1909 doliolis.

424 1922 436 1940 ³
469 1924 482 1953 ¹?
499 1921 670 1961 Mayhoff:
696 1921 816 1952 mittit.
978 1921 989 1939 ⁴
1012 1931 1054 1952 ex
1071 1920 1144 1951 add.
1163 1920 1238 1951 Ian.

410 2027 423 2041 ⁰
447 2023 564 2054 About
595 2023 823 2055 midsummer.
997 2022 1010 2042 ⁶
1033 2023 1166 2064 August
1184 2023 1234 2054 23.

235 2087 305 2134 45⁶
