1482 2312
432 183 559 221 PLIN
564 185 598 221 Y
613 198 622 221 z
674 185 938 222 NATURAL
975 183 1212 222 HISTORY

235 290 316 338 igni
352 290 509 324 maioris
544 301 704 325 muscae
738 288 1026 337 magnitudinis
1061 287 1168 324 volat
1202 290 1411 337 pinnatum

236 349 463 399 quadrupes
477 361 486 392 3
518 349 744 399 appellatur
759 349 934 399 pyrallis,
953 363 976 385 a
993 348 1235 399 quibusdam
1252 355 1413 399 pyroto-

235 410 340 447 con.1
396 410 586 460 quamdiu
604 416 665 448 est
680 413 720 446 in
736 413 828 461 igne
850 413 959 453 vivit,
979 424 1069 447 cum
1090 412 1217 447 evasit
1236 410 1412 461 longiore

236 472 353 521 paulo
371 472 505 508 volatu
524 474 726 509 emoritur.

153 538 212 568 121»
287 533 439 570 XLIII.
470 534 652 583 Hypanis
680 533 820 570 fluvius
847 536 887 569 in
916 532 1044 570 Ponto
1071 535 1173 570 circa
1200 533 1413 570 solstitium

236 594 367 631 defert
403 597 605 631 acinorum
640 595 769 644 effigie
804 601 947 631 tenues
982 595 1235 631 membranas
1271 595 1413 644 quibus

236 658 409 706 erumpit
443 656 600 693 volucre
634 656 861 706 quadrupes
895 669 1014 705 supra
1046 656 1143 692 dicti
1175 655 1308 700 modo,
1340 670 1413 693 nec

235 717 339 754 ultra
370 731 493 754 unum
526 717 633 754 diem
665 720 774 761 vivit,
807 717 912 754 unde
945 717 1204 754 hemerobion
1236 723 1412 754 vocatur.

237 779 396 829 reliquis
432 779 571 816 talium
608 780 658 815 ab
687 781 800 816 initio
830 779 881 816 ad
911 778 1030 816 finem
1065 781 1282 828 septenarii
1318 784 1415 816 sunt

236 843 404 884 numeri,
419 840 532 877 culici
547 846 589 877 et
604 840 825 877 vermiculis
840 846 903 877 ter
917 842 1088 890 septeni,
1103 853 1243 890 corpus
1258 842 1413 890 parien-

236 903 341 939 tibus
366 908 509 953 quater
530 905 699 952 septeni.
756 905 1000 939 mutationes
1024 907 1065 939 et
1088 904 1127 938 in
1149 902 1244 939 alias
1268 902 1414 952 figuras

237 967 427 1001 transitus
450 967 562 1001 trinis
593 971 663 1001 aut
686 964 887 1014 quadrinis
917 964 1070 1001 diebus.
1125 970 1260 1001 cetera
1283 977 1333 1001 ex
1355 963 1414 1001 his

237 1029 403 1076 pinnata
449 1033 642 1063 autumno
689 1026 772 1064 fere
819 1029 1042 1063 moriuntur
1088 1027 1182 1063 tabe
1230 1026 1413 1071 alarum,²

237 1089 374 1124 tabani
428 1088 589 1138 quidem
642 1091 765 1125 etiam
816 1091 1026 1125 caecitate.
1081 1090 1225 1124 muscis
1277 1101 1414 1125 umore

238 1152 490 1193 exanimatis,
509 1153 539 1186 si
558 1153 689 1187 cinere
709 1150 945 1194 condantur,
965 1149 1069 1186 redit
1087 1152 1181 1186 vita.

155 1216 211 1246 121
289 1211 432 1248 XLIV.
464 1211 578 1248 Nunc
595 1225 666 1261 per
683 1211 857 1261 singulas
875 1225 1083 1261 corporum
1100 1216 1236 1261 partes
1254 1216 1416 1261 praeter

238 1275 317 1309 iam
336 1273 443 1310 dicta
462 1272 718 1310 membratim
736 1279 934 1310 tractetur
952 1272 1128 1310 historia.

290 1334 421 1384 Caput
444 1334 596 1371 habent
620 1341 764 1371 cuncta
789 1348 891 1385 quae
916 1337 1164 1385 sanguinem.
1220 1337 1260 1371 in
1282 1336 1415 1384 capite

237 1399 372 1446 paucis
399 1397 628 1433 animalium
655 1410 728 1433 nec
753 1399 826 1433 nisi
853 1396 1074 1433 volucribus
1101 1399 1246 1446 apices,
1272 1396 1416 1433 diversi

238 1458 401 1507 quidem
430 1461 602 1508 generis,
632 1457 815 1508 phoenici
844 1458 1070 1508 plumarum
1100 1460 1201 1495 serie
1231 1471 1253 1495 e
1284 1457 1416 1494 medio

239 1533 285 1556 eo
312 1526 487 1556 exeunte
515 1520 604 1563 alio,
625 1520 844 1570 pavonibus
869 1522 1019 1557 crinitis
1041 1519 1271 1564 arbusculis,
1291 1525 1415 1569 stym-

238 1580 385 1631 phalidi
411 1584 524 1626 cirro,
548 1581 764 1632 phasianae
790 1581 1009 1626 corniculis,
1034 1587 1246 1632 praeterea
1269 1594 1415 1631 parvae

239 1645 300 1679 avi
323 1656 440 1693 quae,
462 1644 512 1680 ab
534 1643 599 1680 illo
621 1643 790 1693 galerita
812 1643 1015 1694 appellata
1037 1643 1253 1693 quondam,
1273 1648 1415 1693 postea

446 1763 457 1781 ²
481 1762 637 1802 Maylzoff
650 1775 656 1793 :
681 1766 806 1803 pyroto
824 1765 963 1803 (pyrota
979 1762 1076 1801 Jan).

444 1804 456 1822 ²
479 1805 558 1836 tabe
576 1805 707 1835 alarum
724 1805 798 1835 add.
815 1815 853 1836 ea:
869 1805 1041 1836 Aristotele
1058 1804 1099 1836 M
1101 1804 1222 1845 ayhoff.

278 1930 291 1942 '¹
315 1924 343 1954 A
361 1925 487 1965 species
505 1925 540 1955 of
555 1925 710 1965 May-ily.

283 1967 294 2015 f>
318 1966 325 1977 ‘
343 1967 385 1998 Of
415 1967 521 2007 deeay
552 1967 586 1997 oi
616 1966 673 1997 the
706 1966 832 2007 wings'
863 1966 891 1997 is
921 1966 1033 1997 added
1064 1966 1110 2007 by
1140 1965 1294 2007 Mayhoff
1326 1966 1416 1997 from

232 2009 525 2093 Arsssfftxlreissvthical
540 2053 676 2094 species.

239 2115 308 2161 506
