1482 2312
166 400 208 430 58

169 955 212 985 59

172 1441 213 1472 60

172 1789 211 1820 61

431 149 596 188 PLINY
611 163 620 187 ι
672 148 932 186 NATURAL
967 147 1201 185 HISTORY

233 253 333 291 vado
357 255 474 290 maris
499 257 706 295 excavato,
729 251 844 288 condi
868 263 939 301 per
962 249 1112 287 hiemes
1137 248 1407 300 torpedinem‚

233 328 424 374 psettam,
450 321 598 358 soleam
625 321 802 358 tradunt.

284 391 407 429 XXV.
437 391 610 438 Quidam
648 403 778 427 rursus
817 395 950 426 aestus
987 390 1227 439 inpatientia
1263 387 1404 424 mediis

235 461 452 498 fervoribus
472 462 681 510 sexagenis
701 459 840 496 diebus
861 458 1003 502 latent,
1023 464 1068 494 ut
1086 457 1264 508 glaucus,
1284 456 1408 501 aselli,

235 537 411 567 auratae.
468 529 716 567 fluviatilium
742 528 882 565 silurus
908 527 1110 565 caniculae
1129 532 1271 564 exortu
1288 525 1408 563 sider-

235 606 339 644 atur,
358 606 399 637 et
419 599 513 635 alias
532 612 689 648 semper
708 597 863 648 fulgure
882 599 1045 647 sopitur.
1101 596 1174 633 hoc
1193 601 1235 633 et
1253 598 1293 632 in
1311 597 1408 632 mari

236 669 415 706 accidere
453 671 616 719 cyprino
653 673 810 718 putant.
867 673 909 704 et
947 666 1091 716 alioqui
1131 672 1263 702 totum
1300 678 1409 702 mare

235 741 360 776 sentit
379 744 562 776 exortum
584 740 667 774 eius
687 737 839 781 sideris,
859 736 964 787 quod
984 738 1157 772 maxime
1177 737 1217 772 in
1236 734 1410 785 Bosporo

236 814 418 859 apparet,
447 808 537 858 alga
561 810 666 844 enim
697 813 738 844 et
766 809 892 857 pisces
922 804 1238 856 superferuntur,
1262 806 1408 841 omnia-

237 892 315 929 que
339 879 389 915 ab
412 881 491 914 imo
516 891 639 914 versa.

288 948 433 984 XXVI.
467 946 665 997 Mugilum
699 951 842 982 natura
875 944 1026 982 ridetur
1059 947 1097 980 in
1132 949 1243 981 metu
1276 945 1408 994 capite

238 1017 471 1054 abscondito
508 1022 614 1053 totos
661 1029 702 1053 se
741 1015 928 1052 occultari
966 1013 1228 1051 credentium.
1284 1012 1410 1050 isdem

237 1093 322 1124 tarn
339 1089 499 1123 incauta
515 1086 697 1123 salacitas
715 1090 759 1122 ut
776 1088 815 1121 in
833 1083 1029 1122 Phoenice
1048 1089 1089 1121 et
1105 1086 1145 1120 in
1163 1083 1408 1120 Narbonensi

239 1159 440 1208 provincia
477 1158 604 1193 coitus
643 1161 824 1206 tempore
864 1167 885 1192 e
925 1156 1078 1191 vivariis
1118 1166 1269 1190 marem
1308 1151 1413 1189 linea

239 1226 456 1277 longinqua
482 1239 553 1276 per
579 1239 621 1262 os
649 1225 699 1262 ad
726 1223 934 1262 branchias
962 1223 1131 1274 religata
1159 1224 1346 1259 emissum
1372 1224 1411 1258 in

239 1309 348 1333 mare
375 1295 597 1344 eademque
624 1294 727 1331 linea
752 1299 970 1331 retractum
995 1292 1167 1329 feminae
1193 1296 1412 1342 sequantur

240 1366 291 1402 ad
314 1365 420 1408 litus,
443 1377 653 1414 rursusque
676 1363 865 1400 feminam
887 1375 1015 1399 mares
1036 1368 1173 1412 partus
1194 1367 1387 1411 tempore.

291 1433 459 1471 XXVII.
490 1433 609 1484 Apud
631 1436 815 1483 antiquos
836 1434 1001 1482 piscium
1022 1431 1284 1467 nobilissimus
1305 1429 1413 1466 habi-

239 1510 305 1541 tus
334 1507 576 1554 accipemer,
604 1516 704 1539 unus
733 1505 909 1539 omnium
935 1503 1108 1551 squamis
1135 1500 1185 1537 ad
1211 1513 1253 1537 os
1279 1501 1415 1544 versis,

241 1580 379 1611 contra
405 1587 524 1623 quam
551 1575 590 1609 in
617 1572 746 1609 nando
773 1571 911 1615 meat,l
939 1570 1044 1608 nullo
1072 1583 1174 1607 nunc
1200 1572 1240 1606 in
1265 1568 1414 1606 honore

239 1649 313 1687 est,
344 1643 450 1693 quod
481 1642 693 1693 equidem²
726 1644 856 1685 miror,
882 1654 972 1678 cum
1002 1643 1053 1677 sit
1084 1653 1192 1676 rarus
1224 1641 1408 1676 inventu-

241 1712 402 1763 quidam
425 1726 516 1749 eum
539 1712 694 1762 elopem
717 1717 872 1748 vocant.

290 1782 481 1819 XXVIII.
513 1781 656 1818 Postea
687 1783 940 1831 praecipuam
973 1781 1255 1817 auctoritatem
1293 1777 1412 1815 fuisse

242 1852 333 1902 lupo
347 1858 388 1889 et
402 1852 530 1888 asellis
545 1851 676 1901 Nepos
691 1850 893 1887 Cornelius
908 1855 948 1887 et
965 1849 1155 1886 Laberius
1169 1854 1290 1898 poeta
1303 1850 1414 1884 mim-

241 1935 353 1959 orum
366 1921 579 1958 tradidere.
611 1921 791 1970 luporum
807 1919 1064 1957 laudatissimi
1079 1921 1144 1969 qui
1159 1917 1413 1968 appellantur

375 2017 386 2035 ¹
410 2015 597 2047 Rackkam:
625 2018 750 2046 meant..
900 2013 911 2030 ²
937 2012 1091 2054 Maylwff
1101 2024 1108 2043 ι
1133 2011 1285 2053 quidem.

244 2089 312 2114 202
