1482 2312
420 99 584 137 PLINY
599 114 607 137 :
659 101 920 138 NATURAL
956 100 1190 138 HISTORY

225 202 369 252 singuli
398 202 522 239 denas
552 201 694 239 eodem
724 215 839 238 anno.
893 202 1074 244 tradunt,
1103 205 1134 239 si
1165 215 1188 239 a
1217 205 1324 240 coitu
1354 206 1394 239 in

224 265 433 302 dexteram
472 271 628 315 partem
669 266 817 302 abeant
856 268 974 309 tauri,
1012 271 1226 316 generatos
1265 278 1394 303 mares

144 335 204 365 177
227 342 326 373 esse,
361 332 391 366 si
426 332 466 365 in
499 329 668 373 laevam,
703 329 883 366 feminas.
937 332 1145 379 conceptio
1180 343 1258 366 uno
1293 333 1392 367 initu

226 396 445 443 peragitur,
475 406 578 443 quae
619 396 650 430 si
691 393 795 430 forte
825 396 1058 442 pererravit,
1086 407 1134 430 xx
1164 399 1254 443 post
1287 394 1393 431 diem

224 470 375 493 marem
394 456 543 494 semina
563 460 723 506 repetit.
778 460 939 506 pariunt
966 470 1103 494 mense
1124 469 1171 501 x;
1206 458 1393 508 quicquid

225 527 320 557 ante
346 523 527 571 genitum
555 521 695 557 inutile
723 527 796 558 est.
851 527 944 558 sunt
971 527 1152 558 auctores
1179 524 1264 571 ipso
1290 535 1394 558 com-

224 584 360 634 plente
411 585 622 621 decumum
672 598 850 622 mensem
901 585 965 622 die
1015 598 1167 634 parere.
1221 588 1393 636 gignunt

223 662 311 685 raro
343 652 534 699 geminos.
589 651 715 685 coitus
749 662 772 685 a
805 648 980 698 delphini
1016 655 1159 686 exortu
1192 662 1226 686 a.
1261 649 1299 686 d.
1334 663 1391 699 pr.

224 725 314 749 non.
369 712 572 749 Ianuarias
595 713 734 750 diebus
756 715 937 763 triginta,
959 712 1100 763 aliquis
1124 719 1166 750 et
1188 719 1394 757 autumno,

223 777 410 827 gentibus
439 776 599 826 quidem
628 790 731 826 quae
758 777 864 813 laete
892 779 1029 813 vivunt
1056 780 1114 814 ita
1141 777 1393 826 dispensatus

224 846 268 877 ut
315 843 420 877 omni
476 846 658 890 tempore
704 843 795 876 anni
841 844 1012 890 supersit
1057 841 1097 878 id
1142 841 1391 878 alimentum.

142 910 201 940 178
220 907 324 941 tauri
368 918 445 941 non
487 907 644 954 saepius
687 918 808 954 quam
850 905 909 942 bis
952 905 1016 942 die
1059 908 1210 942 ineunt.
1272 906 1392 943 boves

223 968 452 1005 animalium
474 968 545 1005 soli
569 974 610 1005 et
632 974 738 1005 retro
761 968 1013 1006 ambulantes
1036 975 1265 1019 pascuntur,
1287 969 1394 1019 apud

223 1032 487 1069 Garamantas
517 1033 678 1082 quidem
716 1031 815 1069 haut
854 1033 983 1070 aliter.
1038 1036 1119 1071 vita
1159 1033 1314 1071 feminis
1344 1048 1393 1071 xv

223 1099 335 1133 annis
371 1096 612 1147 longissima,
638 1097 811 1134 maribus
850 1109 924 1140 xx;
964 1097 1083 1134 robur
1108 1100 1147 1134 in
1174 1101 1394 1148 quinquen-

222 1166 331 1197 natu.
385 1160 584 1197 lavatione
593 1161 746 1198 calidae
758 1174 886 1211 aquae
897 1161 1111 1198 traduntur
1121 1164 1395 1212 pinguescere,

224 1230 265 1261 et
290 1227 321 1261 si
349 1227 434 1274 quis
461 1227 582 1261 incisa
606 1230 699 1261 cute
725 1227 907 1274 spiritum
933 1224 1154 1262 harundine
1180 1229 1219 1262 in
1247 1228 1395 1262 viscera

140 1295 201 1325 179
221 1289 370 1338 adigat.
426 1302 504 1326 non
548 1288 768 1339 degeneres
808 1289 1061 1327 existimandi
1104 1293 1227 1326 etiam
1265 1292 1393 1327 minus

220 1353 385 1389 laudato
422 1358 608 1402 aspectu:
659 1353 873 1402 plurimum
909 1353 1023 1391 laetis
1060 1354 1214 1403 Alpinis
1251 1354 1393 1404 quibus

221 1419 427 1454 minimum
470 1420 657 1466 corporis,
698 1417 911 1466 plurimum
953 1417 1098 1454 laboris
1139 1421 1273 1467 capite
1315 1431 1393 1455 non

221 1483 372 1518 cervice
418 1484 572 1518 iunctis.
628 1480 797 1531 Syriacis
842 1494 920 1517 non
966 1487 1058 1519 sunt
1104 1482 1279 1531 palearia
1323 1482 1394 1520 sed

220 1545 363 1595 gibber
381 1548 421 1581 in
441 1545 567 1582 dorso.
623 1544 750 1581 Carici
771 1559 930 1595 quoque
950 1548 990 1582 in
1009 1551 1125 1595 parte
1146 1546 1266 1583 Asiae
1286 1545 1392 1583 foedi

223 1612 307 1646 visu
346 1609 489 1645 tubere
529 1622 648 1658 super
687 1623 816 1646 armos
856 1623 879 1646 a
918 1610 1134 1647 cervicibus
1175 1613 1393 1654 eminente,

221 1673 366 1710 luxatis
406 1673 603 1717 cornibus,
644 1673 888 1711 excellentes
927 1676 967 1710 in
1008 1687 1128 1723 opere
1168 1680 1393 1719 narrantur,

220 1743 355 1774 cetero
372 1739 472 1786 nigri
489 1737 628 1774 coloris
644 1737 852 1774 candidive
869 1737 921 1775 ad
935 1737 1112 1775 laborem
1129 1738 1393 1782 damnantur3

220 1804 344 1838 tauris
389 1804 541 1838 minora
586 1814 705 1851 quam
751 1801 879 1838 bubus
924 1815 1072 1838 cornua
1115 1805 1390 1852 tenuioraque.

138 1871 198 1901 180
218 1866 417 1903 domitura
446 1864 565 1902 boum
594 1867 634 1902 in
657 1867 838 1909 trimatu,
870 1871 1011 1915 postea
1034 1879 1137 1911 sera,
1161 1872 1255 1904 ante
1279 1879 1391 1917 prae-

225 2009 291 2041 124
