1482 2368
387 191 552 230 PLINY
566 205 575 229 ι
625 191 887 229 NATURAL
922 191 1156 229 HISTORY

189 295 334 333 solidus
359 298 397 331 in
423 295 509 331 alvo
533 300 738 344 spectatus
762 296 813 330 sit
838 293 980 330 infans.
1043 293 1205 330 aluntur
1228 296 1356 343 primo

189 349 324 385 bubuli
343 349 456 385 lactis
474 361 580 390 suco,
598 347 703 384 unde
723 360 866 383 nomen
885 354 1056 384 traxere.

123 407 163 438 35
241 402 325 438 XV.
355 401 586 438 Ceterorum
618 401 846 437 animalium
878 413 979 450 quae
1011 399 1127 436 modo
1166 406 1356 436 convecta

191 455 364 504 undique
399 454 587 490 Italiam1
621 453 856 503 contigere2
887 456 1043 502 saepius
1077 452 1220 489 formas
1263 451 1358 488 nihil

191 511 336 544 attinet
352 507 577 556 scrupulose
592 507 751 543 referre.
807 509 1041 555 paucissima
1055 505 1216 555 Scythia
1231 508 1359 555 gignit

190 563 322 610 inopia
351 561 560 603 fruticum3
592 573 717 609 pauca
754 562 999 595 contermina
1037 559 1091 594 illi
1130 558 1358 602 Germania,

190 616 358 663 insignia
408 619 543 650 tamen
596 613 714 649 boum
767 613 940 648 ferorum
990 624 1153 662 genera,
1204 611 1359 648 iubatos

190 667 365 703 bisontes
410 666 703 715 excellentique
748 671 789 702 et
834 668 868 701 vi
914 671 956 702 et
1000 665 1213 701 velocitate
1258 677 1360 708 uros,

192 720 332 769 quibus
358 722 573 768 inperitum
600 719 735 768 volgus
761 718 995 755 bubalorum
1023 731 1167 754 nomen
1194 720 1361 766 inponit,

191 786 280 809 cum
304 772 343 809 id
366 776 506 822 gignat
531 772 664 808 Africa
689 772 800 808 vituli
825 775 955 820 potius
979 774 1162 820 cervique
1188 770 1360 820 quadam

124 831 165 861 39
192 825 460 862 similitudine.
515 825 622 861 XVI.
652 824 880 873 Septentrio
901 824 979 860 fert
1001 830 1041 860 et
1063 837 1253 873 equorum
1274 836 1362 874 gre-

191 891 261 928 ges
278 878 465 920 ferorum,
482 882 581 916 sicut
599 882 798 915 asinorum
816 879 909 914 Asia
928 883 969 914 et
986 876 1135 918 Africa,
1153 883 1361 926 praeterea

191 931 318 974 alcen,
333 935 497 967 iuvenco
512 931 679 967 similem
695 934 732 966 ni
749 934 963 979 proceritas
978 933 1130 966 aurium
1147 936 1187 966 et
1201 932 1360 966 cervicis

195 984 458 1033 distingueret
475 984 511 1027 ;3
540 987 636 1019 item
658 990 793 1019 natam
814 987 852 1019 in
873 982 1105 1019 Scadinavia
1134 983 1261 1019 insula
1289 995 1361 1019 nec

193 1049 380 1085 umquam
402 1040 523 1072 visam
545 1040 583 1072 in
604 1036 677 1072 hac
698 1036 826 1078 urbe,4
846 1036 999 1072 multist
1020 1049 1135 1072 amen
1160 1042 1361 1072 narratam

192 1089 335 1132 achlin,
368 1089 473 1125 haud
505 1089 732 1125 dissimilem
765 1089 835 1131 illi,
867 1089 937 1125 sed
968 1089 1076 1124 nullo
1107 1088 1362 1138 suffraginum

192 1141 297 1178 flexu
332 1142 501 1191 ideoque
537 1155 613 1178 non
648 1142 862 1178 cubantem
897 1141 967 1178 sed
1001 1141 1195 1178 adclinem
1231 1142 1359 1178 arbori

193 1197 232 1230 in
265 1208 416 1237 somno,
450 1207 577 1244 eaque
611 1198 731 1231 incisa
762 1195 813 1231 ad
836 1194 994 1231 insidias
1016 1197 1118 1243 capi,
1140 1195 1237 1231 alias
1260 1194 1364 1231 velo-

191 1250 324 1284 citatis
347 1255 604 1284 memoratae.
659 1248 812 1284 labrum
836 1251 870 1284 ei
893 1251 1071 1296 superius
1094 1247 1363 1297 praegrande3

193 1301 242 1337 ob
270 1301 309 1337 id
332 1301 621 1351 retrograditur
638 1304 677 1337 in
694 1301 906 1350 pascendo,
924 1314 973 1337 ne
990 1303 1029 1336 in
1046 1304 1175 1350 priora
1192 1301 1361 1337 tendens

126 1361 166 1390 40
193 1354 425 1390 involvatur.
480 1354 645 1390 tradunt
667 1357 706 1390 in
729 1354 901 1390 Paeonia
922 1353 1047 1390 feram
1070 1367 1171 1403 quae
1194 1354 1363 1391 bonasus

194 1413 355 1443 vocetur
380 1410 524 1457 equina
548 1408 655 1450 iuba,
678 1413 814 1444 cetera
837 1413 952 1443 tauro
976 1407 1158 1450 similem,
1181 1407 1362 1444 cornibus

517 1518 528 1535 ¹
551 1517 748 1547 Hardoain:
774 1516 905 1547 Italiae.

515 1559 527 1578 ²
548 1559 692 1599 contigit
707 1559 845 1590 videre?
864 1559 1051 1598 Dalecamp.

518 1601 530 1620 ⁸
554 1601 725 1641 Mayhosf:
751 1601 951 1641 distinguat,
970 1605 1053 1632 -anth

517 1645 529 1661 ⁴
550 1645 604 1674 v.l.
622 1644 685 1674 hoc
701 1644 792 1674 orbe.

235 1799 249 1813 ⁰
271 1794 338 1824 Bos
355 1794 585 1833 primiyenius,
602 1804 678 1824 now
694 1794 835 1825 extinct.

236 1835 249 1855 ⁶
272 1836 421 1877 Perhaps
439 1837 496 1867 the
513 1847 625 1867 moose
643 1847 679 1867 or
701 1837 758 1867 the
775 1837 936 1873 reindeer,
954 1837 1083 1878 though
1101 1837 1160 1868 the
1176 1843 1363 1870 statement

196 1880 302 1910 about
326 1880 370 1910 its
395 1879 447 1920 leg
472 1879 499 1910 is
524 1880 562 1910 of
584 1889 700 1910 course
726 1885 859 1910 untrue.
907 1879 1021 1911 Achlis
1046 1881 1073 1911 is
1098 1881 1316 1921 presumably
1342 1892 1362 1911 a

197 1921 395 1953 vernaeular
412 1931 520 1952 name.

238 1969 249 1983 ⁶
270 1964 439 2005 Probably
457 1964 614 1995 Zealand.

233 2006 247 2025 ¹¹
270 2006 312 2037 So
336 2007 387 2037 far
410 2006 478 2038 t-his
502 2006 659 2047 startling
686 2012 831 2037 account
859 2008 897 2038 of
921 2007 979 2038 the
1007 2008 1110 2039 achlis
1137 2018 1248 2039 comes
1273 2009 1361 2039 from

193 2049 324 2085 Caesar,
352 2049 435 2079 BG.
464 2058 510 2081 vx.
539 2050 592 2085 27,
621 2050 730 2080 where
758 2051 784 2080 it
810 2051 837 2080 is
863 2051 963 2090 given
989 2051 1023 2081 of
1050 2050 1109 2081 t-he
1133 2052 1217 2082 alces
1241 2051 1276 2082 of
1302 2050 1361 2082 the

193 2122 240 2156 30
