1482 2312
433 147 598 185 PLINY
612 161 621 185 ε
671 148 934 185 NATURAL
969 147 1204 186 HISTORY

236 253 385 289 malum
399 251 619 301 appellant,
635 254 740 287 inter
755 250 941 287 animalia
956 249 1054 287 haut
1069 250 1191 287 ullam
1213 253 1404 300 comperit

154 332 215 363 152
235 330 455 377 quisquam.
509 339 599 362 cum
623 325 808 362 caniculis
839 331 953 361 atrox
983 324 1206 369 dimicatio3
1244 328 1407 375 inguina

237 408 279 439 et
304 401 431 438 calces
458 414 696 450 omnemque
722 399 935 437 candorem
961 413 1169 449 corporum
1195 405 1405 450 appetunt.

236 477 340 514 salus
356 489 435 512 una
450 478 489 511 in
506 475 689 512 adversas
712 475 831 511 eundi
853 474 1038 524 ultroque
1059 475 1259 518 terrendi3
1288 480 1407 524 pavet

239 554 343 588 enin]
373 550 573 587 hominem
599 563 726 599 acque
751 563 796 586 ac
826 555 967 593 terret,
990 555 1030 586 et
1055 552 1113 586 ita
1138 563 1218 586 sors
1235 548 1250 571 1
1279 562 1407 599 aequa

238 629 278 662 in
299 628 470 676 gurgite.
504 631 548 661 ut
569 624 619 661 ad
635 637 789 661 summa
805 637 933 674 aquae
951 630 1115 660 ventum
1138 630 1211 667 est,
1233 624 1285 660 ibi
1307 626 1409 673 peri-

236 701 369 737 culum
399 713 558 749 anceps,
590 699 779 748 adempta
809 702 963 735 ratione
994 704 1132 735 contra
1164 698 1281 735 eundi
1313 698 1408 735 dum

236 781 403 812 conetur
426 786 654 824 emergere3
692 780 733 810 et
755 774 859 810 salus
883 776 1008 810 omnis
1031 776 1071 809 in
1093 775 1217 810 sociis.
1273 773 1408 810 funem

237 850 292 886 illi
347 850 560 899 religatum
617 849 667 884 ab
718 851 862 885 umeris
919 851 1001 885 eius
1051 847 1240 891 trahunt;
1307 847 1409 884 hunc

237 925 441 967 dimicans,
458 930 501 960 ut
519 927 569 960 sit
585 923 749 973 periculi
765 926 936 973 signum,
951 922 1063 959 laeva
1081 925 1226 972 quatit,
1242 922 1410 959 dextera

154 1006 215 1037 153
239 998 487 1049 adprehenso
514 998 604 1035 stilo
631 1001 669 1034 in
695 1011 828 1048 pugna
857 1005 930 1034 est.
985 998 1161 1034 modicus
1187 997 1282 1034 alias
1308 1003 1411 1034 trac-

237 1081 370 1111 tatus:
407 1079 451 1110 ut
474 1087 596 1123 prope
619 1076 792 1109 carinam
816 1079 980 1109 ventum
1004 1078 1078 1114 est,
1101 1074 1171 1109 nisi
1195 1070 1410 1121 praeceleri

238 1153 275 1186 vi
295 1155 461 1199 repente
484 1148 687 1197 eripiunt,2
709 1148 861 1184 absumi
878 1153 1074 1196 spectant.
1130 1160 1175 1184 ac
1195 1159 1315 1196 saepe
1330 1149 1411 1183 iam

239 1224 423 1262 subducti
452 1237 473 1260 e
502 1223 683 1259 manibus
712 1221 961 1266 auferuntur,
989 1225 1020 1259 si
1053 1235 1132 1259 non
1164 1220 1410 1258 trahentium

238 1313 356 1350 opem
401 1299 641 1349 conglobato
687 1311 849 1347 corpore
895 1300 935 1333 in
980 1297 1084 1346 pilae
1131 1297 1293 1334 modum
1338 1299 1410 1346 ipsi

239 1375 437 1412 adiuvere.
494 1373 739 1423 protendunt
780 1373 940 1422 quidem
979 1372 1163 1409 tridentis
1202 1372 1290 1415 alii3
1341 1371 1412 1408 sed

239 1456 414 1487 monstro
440 1449 615 1486 sollertia
642 1454 701 1485 est
729 1451 930 1498 navigium
955 1447 1149 1484 subeundi
1171 1453 1293 1497 atque
1313 1449 1370 1483 ita
1390 1459 1412 1483 e

238 1531 328 1562 tuto
358 1524 589 1574 proeliandi.
644 1526 769 1559 onmis
801 1536 895 1573 ergo
924 1536 1017 1559 cura
1047 1523 1097 1559 ad
1127 1522 1411 1572 speculandum

239 1600 311 1637 hoc
327 1600 476 1636 malum
490 1602 723 1642 insumitur-3
753 1601 970 1635 certissima
988 1604 1047 1635 est
1064 1600 1254 1635 securitas
1269 1597 1411 1634 vidisse

238 1675 376 1725 planos
413 1678 553 1724 pisces,
591 1677 683 1724 quia
720 1686 938 1723 numquam
974 1678 1066 1710 sunt
1104 1673 1170 1709 ubi
1207 1672 1412 1709 maleficae

239 1751 407 1793 bestiae,
428 1763 505 1799 qua
526 1749 576 1786 de
595 1762 713 1785 causa
733 1752 937 1785 urinantes
957 1761 1086 1785 sacros
1106 1747 1311 1797 appellant
1332 1760 1410 1784 eos.

157 1831 218 1863 154
293 1825 437 1862 LXXI.
466 1824 607 1861 Silicea
631 1830 738 1861 testa
762 1824 918 1860 inclusis
943 1823 1152 1860 fatendum
1177 1828 1237 1860 est
1261 1822 1412 1859 nullum

240 1914 326 1938 esse
350 1914 523 1944 sensum,
547 1905 591 1936 ut
615 1902 765 1936 ostreis.
823 1899 956 1935 multis
981 1899 1123 1935 eadem
1146 1903 1290 1934 natura
1310 1910 1412 1947 quae

338 1998 350 2017 1
376 1996 547 2037 Mayhoff:
577 1999 611 2027 et
632 1995 666 2027 in
683 1995 786 2027 frons.
942 1996 954 2012 ²
977 1994 1167 2026 Rackham:
1193 1993 1318 2035 rapuit.

236 2064 304 2100 266
