1482 2312
166 286 206 317 62

165 765 205 795 63

166 1350 206 1379 64

166 1562 206 1592 65

427 124 593 162 PLINY
607 138 616 162 ι
672 124 934 162 NATURAL
970 124 1205 163 HISTORY

231 229 410 277 quamvis
443 226 548 264 ultra
579 229 731 264 citrave
763 227 984 278 pervolent,
1016 241 1234 278 numquam
1265 234 1401 267 tamen

233 280 439 317 advenisse
466 293 634 330 usquam
661 282 735 317 nisi
762 286 883 317 noctu
910 283 1200 319 existimantur.
1255 280 1402 332 Pytho-

231 346 301 370 nos
330 333 481 370 Comen
514 338 657 370 vocant
690 336 729 370 in
759 334 855 370 Asia
887 335 1120 384 patentibus
1151 337 1300 385 campis
1334 336 1401 373 ubi

231 391 499 437 congregatae
528 388 632 423 inter
661 399 702 423 se
731 393 1069 431 conmurmurant,
1098 400 1267 438 eamque
1296 401 1398 438 quae

232 442 442 476 novissima
493 439 655 476 advenit
706 439 896 484 lacerant,
947 446 1069 490 atque
1119 443 1177 477 ita
1226 441 1399 485 abeunt3

232 498 415 529 notatum
444 498 535 542 post
563 492 650 529 idus
679 493 882 543 Augustas
912 506 990 529 non
1019 498 1172 531 temere
1202 496 1303 530 visas
1331 495 1397 531 ibi.

232 552 324 582 sunt
361 548 427 595 qui
464 547 622 582 ciconiis
660 559 738 582 non
775 548 904 582 inesse
940 545 1117 596 linguam
1153 547 1399 584 confirment.

231 597 354 635 honos
383 601 429 635 iis
459 600 706 648 serpentium
737 601 860 636 exitio
890 604 1027 636 tantus
1058 606 1102 637 ut
1131 601 1172 636 in
1201 599 1403 637 Thessalia

231 651 375 702 capital
419 651 540 688 fuerit
582 651 772 688 occidisse
815 652 1037 702 eademque
1079 652 1232 703 legibus
1274 667 1402 703 poena

232 717 335 755 quae
357 707 396 741 in
418 704 667 742 homicidam.

282 757 454 795 XXXII.
484 757 607 794 Simili
639 771 799 795 anseres
830 771 988 808 quoque
1020 764 1062 795 et
1093 759 1218 796 olores
1249 761 1402 797 ratione

231 817 471 855 commeant,
509 811 578 848 sed
615 810 755 848 horum
791 811 945 848 volatus
982 814 1168 849 cernitur.
1224 812 1401 850 Liburni-

231 877 365 901 carum
399 877 508 901 more
541 870 712 901 rostrato
746 866 901 914 impetu
934 863 1130 910 feruntur,
1162 864 1314 902 facilius
1346 868 1403 903 ita

232 917 429 954 findentes
468 931 561 954 aera
599 930 718 967 quam
757 920 790 954 si
828 923 938 954 recta
975 917 1106 955 fronte
1143 918 1402 969 inpellerent3

232 984 255 1006 a
277 976 392 1021 tergo
416 973 560 1007 sensim
585 970 781 1007 dilatante
806 984 848 1007 se
872 984 998 1008 cuneo
1021 974 1235 1022 porrigitur
1258 985 1402 1022 agmen

231 1023 420 1073 largeque
440 1023 646 1074 inpellenti
666 1025 883 1074 praebetur
903 1037 1034 1062 aurae.
1089 1024 1189 1061 colla
1207 1027 1402 1075 inponunt

231 1077 578 1127 praecedentibus,
619 1076 742 1114 fessos
783 1077 904 1114 duces
945 1077 995 1114 ad
1036 1083 1152 1128 terga
1191 1081 1400 1129 recipiunt.

231 1130 420 1179 (ciconiae
485 1130 596 1167 nidos
661 1130 822 1167 eosdem
876 1136 1077 1181 repetunt.
1153 1134 1402 1182 genetricum

231 1189 435 1220 senectam
455 1185 621 1220 invicem
643 1183 862 1232 educant.)l
884 1183 1034 1221 olorum
1060 1190 1189 1221 morte
1220 1191 1403 1222 narratur

231 1236 370 1273 flebilis
387 1242 541 1281 cantus,
557 1236 669 1280 falso,
687 1243 732 1274 ut
749 1237 917 1274 arbitror
934 1237 1085 1288 aliquot
1103 1240 1400 1288 experimentis.

231 1289 337 1327 idem
357 1296 497 1327 mutua
516 1303 633 1327 carne
653 1296 866 1327 vescuntur
885 1292 989 1327 inter
1008 1304 1061 1328 se.

282 1343 476 1380 XXXIII.
507 1343 654 1380 Verum
690 1342 788 1380 haec
824 1346 1135 1380 commeantium
1171 1357 1243 1394 per
1278 1347 1401 1381 maria

231 1401 437 1446 terrasque
467 1399 736 1447 peregrinatio
766 1410 843 1433 non
873 1399 1026 1447 patitur
1054 1396 1199 1434 differri
1230 1400 1400 1435 minores

231 1462 389 1500 quoque
419 1450 561 1500 quibus
591 1455 652 1486 est
681 1455 824 1486 natura
851 1449 997 1487 similis.
1049 1456 1266 1501 utcumque
1295 1453 1400 1488 enim

231 1516 350 1553 supra
381 1503 507 1540 dictas
539 1503 774 1553 magnitudo
807 1509 848 1540 et
875 1506 975 1540 vires
1001 1517 1208 1554 corporum
1233 1506 1400 1541 invitare

233 1556 355 1594 videri
368 1559 533 1606 possint,
546 1559 767 1593 coturnices
782 1562 876 1593 ante
885 1559 1008 1594 etiam
1016 1569 1174 1608 semper
1182 1557 1399 1595 adveniunt

243 1674 298 1748 Ml
320 1674 469 1757 qicssniae
494 1698 500 1705 .
527 1698 534 1705 .
560 1698 567 1705 .
592 1674 740 1705 educant,
771 1684 873 1715 supra
911 1679 981 1714 post
1022 1675 1111 1706 visas
1151 1675 1199 1706 ibi
1237 1674 1303 1714 §62
1336 1677 1399 1707 ln?

285 1727 327 1757 ay
339 1728 367 1748 ιο
397 1741 404 1748 .

231 1821 320 1828 -—

269 1905 284 1919 ‘²
306 1900 386 1932 This
405 1910 545 1942 passage
561 1910 668 1931 seems
685 1905 722 1931 to
742 1900 861 1940 belong
879 1904 915 1931 to
933 1901 948 1939 ξ
966 1901 1006 1932 62
1024 1901 1105 1932 mid.

271 1944 283 1962 ὓ
306 1943 376 1975 The
398 1948 493 1983 story
516 1945 543 1974 is
565 1948 640 1974 true
662 1944 697 1975 of
720 1943 778 1974 the
800 1944 970 1985 Whooper
991 1944 1091 1976 Swan
1114 1944 1176 1975 but
1200 1948 1260 1975 nob
1282 1944 1318 1976 of
1341 1944 1398 1976 the

226 1986 385 2027 ordinary
403 1987 497 2018 Mute
514 1986 623 2019 Swan.

229 2066 298 2104 332
