1482 2312
180 253 240 281 166

182 783 241 814 167

179 1261 241 1293 168

180 1687 241 1719 169

458 144 647 182 PLINY:
698 144 959 183 NATURAL
994 144 1228 183 HISTORY

317 246 497 284 LXXVI.
527 247 632 284 Acus
647 250 728 284 sive
743 247 886 284 belone
902 260 1002 284 unus
1017 250 1183 297 piscium
1199 246 1429 285 dehiscente

262 306 424 349 propter
445 300 742 337 multitudinem
765 306 879 337 utero
901 303 1028 350 parit;
1064 314 1087 337 a
1109 306 1228 350 partu
1245 301 1430 338 coalescit

262 353 415 395 vulnus,
437 353 543 403 quod
564 359 605 390 et
625 356 665 389 in
684 356 811 390 caecis
832 354 1082 403 serpentibus
1101 353 1279 390 tradunt.
1342 366 1430 390 mus

261 409 435 442 marinus
463 409 502 442 in
530 412 637 443 terra
665 407 801 443 scrobe
830 406 969 443 effosso
996 409 1101 456 parit
1129 420 1201 443 ova
1230 412 1271 443 et
1299 419 1430 444 rursus

261 460 393 496 obruit
411 465 532 503 terra,
549 462 749 496 tricesimo
767 459 831 496 die
850 459 999 497 refossa
1017 462 1145 509 aperit
1164 459 1372 510 fetumque
1390 462 1430 496 in

262 525 406 562 aquam
425 512 546 549 ducit.

314 565 515 602 LXXVII.
546 565 728 615 Erythini
779 572 821 602 et
870 565 1050 602 channae
1102 565 1232 602 volvas
1283 565 1431 603 habere

261 619 487 662 traduntur,
514 621 580 668 qui
606 618 763 655 trochos
790 618 1016 668 appellatur
1041 632 1064 655 a
1092 618 1252 656 Graecis
1279 622 1362 668 ipse
1389 632 1430 656 se

262 674 371 708 inire.
426 671 532 709 fetus
570 674 745 708 omnium
783 672 1018 722 aquatilium
1057 674 1161 709 inter
1198 674 1309 708 initia
1348 675 1431 708 visu

261 731 410 762 carent.

318 778 543 815 LXXVIII.
585 778 685 815 Aevi
737 781 902 827 piscium
954 778 1255 815 memorandum
1307 791 1433 827 nuper

264 831 489 880 exemplum
522 834 756 881 accepimus.
813 831 1068 881 Pausilypum
1100 831 1191 868 villa
1224 837 1285 868 est
1317 831 1432 868 Cam-

262 888 404 934 paniae
421 884 517 921 baut
534 885 670 933 procul
686 884 853 934 Neapoli
867 896 876 928 ;
905 887 945 921 in
962 898 1010 922 ea
1025 887 1065 921 in
1081 884 1260 922 Caesaris
1275 887 1432 934 piscinis

263 951 286 974 a
319 938 480 975 Polione
514 937 639 974 Vedio
672 941 896 975 coniectum
928 941 1077 987 piscem
1111 940 1432 988 sexagensimum

262 997 351 1040 post
376 1002 522 1029 annum
549 994 748 1040 expirasse
773 991 907 1028 scribit
932 992 1122 1028 Annaeus
1147 990 1312 1035 Seneca,
1337 990 1432 1028 duo-

263 1044 335 1081 bus
354 1044 438 1082 aliis
454 1043 685 1094 aequalibus
704 1047 786 1081 eius
805 1057 854 1081 ex
873 1044 1012 1081 eodem
1031 1057 1179 1094 genere
1198 1047 1320 1081 etiam
1336 1050 1432 1081 tunc

263 1097 496 1135 vivent-ibus.
542 1110 643 1147 quae
687 1100 838 1134 mentio
880 1100 1118 1146 piscinarum
1161 1097 1351 1135 admonet
1387 1103 1432 1134 ut

262 1150 380 1200 paulo
394 1151 507 1200 plura
521 1151 696 1187 dicamus
711 1150 784 1187 hac
799 1151 848 1187 de
863 1164 905 1187 re
920 1153 1150 1201 priusquam
1165 1150 1433 1201 digrediamur

262 1204 313 1240 ab
331 1204 582 1254 aquatilibus.

316 1257 498 1294 LXXIX.
529 1257 761 1294 Ostrearum
828 1260 974 1294 vivaria
1041 1259 1188 1307 primus
1257 1260 1432 1294 omnium

262 1309 420 1361 Sergius
455 1310 580 1348 Orata
613 1313 764 1347 invenit
796 1313 836 1347 in
869 1310 1018 1347 Baiano
1052 1316 1188 1347 aetate
1223 1310 1267 1347 L.
1303 1310 1431 1347 Crassi

263 1367 441 1408 oratoris,
461 1369 555 1401 ante
578 1364 793 1400 Marsicum
811 1363 975 1407 bellum,
994 1376 1067 1401 nec
1085 1364 1204 1414 gulae
1222 1377 1342 1400 causa
1361 1363 1432 1401 sed

263 1420 467 1461 avaritiae,
488 1430 633 1467 magna
653 1417 865 1467 vectigalia
885 1417 958 1453 tali
979 1429 1028 1454 ex
1048 1419 1208 1467 ingenio
1223 1430 1293 1454 suo
1308 1420 1432 1466 perci-

262 1473 388 1520 piens,
411 1476 457 1507 ut
481 1474 547 1520 qui
573 1473 720 1519 primus
744 1470 914 1519 pensiles
938 1472 1134 1507 invenerit
1158 1470 1351 1514 balineas,
1375 1473 1431 1507 ita

263 1526 560 1574 mangonicatas
596 1523 707 1560 villas
741 1523 908 1560 subinde
942 1522 1162 1560 vendendo.
1216 1526 1248 1560 is
1282 1525 1431 1572 primus

262 1580 456 1626 optimum
511 1590 691 1626 saporem
747 1579 885 1613 ostreis
942 1576 1118 1613 Lucrinis
1174 1576 1430 1620 adiudieavit‚

263 1630 420 1680 quando
441 1630 582 1667 eadem
603 1629 836 1680 aquatilium
856 1642 1005 1680 genera
1025 1630 1145 1666 aliubi
1167 1636 1289 1679 atque
1309 1629 1429 1666 aliubi

264 1683 440 1727 meliora,
465 1686 565 1720 sicut
590 1683 670 1732 lupi
694 1685 820 1733 pisces
844 1685 885 1719 in
908 1683 1040 1719 Tiberi
1064 1696 1180 1720 amne
1205 1685 1310 1719 inter
1332 1683 1430 1720 duos

262 1743 417 1786 pontes,
442 1736 627 1773 rhombus
652 1736 879 1780 Ravennae,
903 1749 1068 1772 murena
1091 1738 1131 1772 in
1153 1735 1297 1779 Sicilia,
1321 1736 1429 1785 elops

446 1864 460 1878 ‘²
482 1860 543 1892 See
563 1861 643 1899 §56.

449 1903 462 1922 ⁶
485 1901 761 1934 Unidentifiable.

448 1950 458 1964 ⁰
481 1945 541 1977 Le.
560 1945 644 1976 Sans
663 1944 771 1976 Souci.

451 1988 464 2006 ‘¹
487 1989 592 2019 91-88
608 1997 672 2019 Bc.

449 2035 459 2048 ²
480 2031 629 2072 Perhaps
642 2030 700 2061 the
713 2029 884 2062 Sublician
898 2029 965 2061 and
979 2029 1037 2061 the
1049 2030 1212 2062 Palatino.

260 2078 329 2123 276
