1482 2312
189 318 231 349 39

188 596 231 628 40

190 1082 230 1113 41

190 1707 233 1738 42

455 139 622 177 PLINY
636 154 645 179 ε
696 141 959 179 NATURAL
995 140 1229 179 HISTORY

256 241 455 292 squalent,
503 242 670 287 roscido,
719 248 763 279 ut
813 242 1002 288 creditur,
1053 256 1188 280 umore
1237 245 1427 281 viventes.

256 325 387 361 neque
408 311 515 348 aliud
534 312 587 348 ibi
612 311 756 348 animal
785 315 980 362 provenit.
1035 312 1150 349 XIII.
1181 313 1428 351 testudinum

256 383 464 431 putamina
489 394 623 418 secare
650 384 689 417 in
715 381 880 418 laminas
906 381 1110 432 lectosque
1137 387 1179 419 et
1198 385 1430 432 repositoria

256 450 316 487 his
332 453 476 487 vestire
498 450 687 487 Carvilius
708 449 831 487 Pollio
847 453 1034 496 instituit,
1049 451 1203 502 prodigi
1219 457 1261 488 et
1280 454 1430 502 sagacis

258 520 309 557 ad
332 519 509 557 luxuriae
534 522 801 557 instrumenta
819 523 979 571 ingenii.

306 589 414 626 XIV.
468 590 717 639 Aquatilium
760 595 998 640 tegumenta
1041 589 1153 640 plura
1194 596 1298 628 sunt.
1353 590 1429 627 alia

256 661 361 695 corio
382 665 423 695 et
443 659 522 709 pilo
542 661 778 709 integuntur
800 666 842 696 ut
860 659 970 696 vituli
988 665 1030 696 et
1050 659 1339 710 hippopotami,
1355 660 1431 697 alia

257 731 361 765 corio
374 734 534 765 tantum
549 735 593 765 ut
607 728 797 778 delphini,
810 731 956 766 cortice
971 735 1015 766 ut
1029 729 1266 774 testudines,
1280 729 1430 766 silicum

258 798 405 835 duritia
436 804 481 835 ut
512 804 668 835 ostreae
700 804 742 835 et
773 798 961 843 conchae,
992 801 1133 835 crustis
1165 804 1210 836 ut
1240 798 1431 844 locustae,

257 870 399 904 crustis
423 873 464 904 et
487 870 608 917 spinis
632 873 676 904 ut
700 867 842 912 echini,
865 870 1038 918 squamis
1062 874 1106 905 ut
1128 871 1270 918 pisces,
1293 881 1431 919 aspera

257 943 350 974 cute
384 943 429 973 ut
461 939 659 986 squatina,
693 951 772 987 qua
804 937 954 987 lignum
988 943 1029 974 et
1063 939 1182 975 ebora
1214 938 1429 988 poliuntur,

259 1006 365 1043 molli
388 1012 432 1043 ut
454 1020 658 1051 murenae,
681 1006 758 1043 alia
780 1006 886 1043 nulla
908 1013 952 1044 ut
974 1007 1120 1057 polypi.

310 1076 394 1112 XV.
430 1075 544 1122 Quae
592 1076 671 1126 pilo
719 1079 943 1114 vestiuntur
989 1076 1134 1113 animal
1182 1079 1341 1127 pariunt
1387 1083 1432 1114 ut

258 1148 405 1196 pristis,
420 1145 616 1189 ballaena,
633 1145 789 1183 vitulus.
845 1146 908 1183 hic
923 1149 1027 1196 parit
1042 1150 1083 1183 in
1098 1152 1219 1191 terra,
1234 1146 1431 1196 pecudum

259 1228 367 1251 more
397 1214 590 1251 secundas
620 1221 757 1265 partus
785 1215 930 1259 reddit,
951 1217 991 1251 in
1018 1218 1124 1252 coitu
1150 1229 1293 1252 canum
1314 1216 1432 1253 modo

257 1283 460 1329 cohaeret,
481 1287 586 1334 parit
608 1298 907 1335 nonnumquam
928 1287 1096 1335 geminis
1117 1285 1263 1336 plures,
1285 1285 1430 1323 educat

258 1356 440 1391 mammis
462 1353 604 1398 fetum,
626 1367 703 1390 non
725 1360 819 1391 ante
841 1355 1120 1391 duodecimum
1141 1355 1248 1392 diem
1269 1355 1433 1392 deducit

256 1425 297 1460 in
322 1437 446 1468 mare,
470 1436 519 1460 ex
545 1437 591 1460 eo
615 1424 782 1460 subinde
808 1423 1086 1461 assuefaciens.
1141 1424 1434 1462 interficiuntur

258 1493 468 1530 difficulter
496 1495 569 1530 nisi
597 1496 729 1543 capite
760 1493 866 1530 eliso.
929 1496 1022 1544 ipsis
1051 1496 1090 1530 in
1119 1507 1215 1531 sono
1243 1496 1433 1544 mugitus,

260 1562 365 1599 unde
401 1575 547 1599 nomen
582 1562 717 1606 vituli;
767 1565 966 1613 accipiunt
1001 1569 1138 1600 tamen
1173 1563 1433 1613 disciplinam,

259 1645 434 1682 voceque
451 1632 466 1654 1
487 1634 637 1682 pariter
663 1638 704 1669 et
730 1635 817 1669 nisu
833 1633 848 1655 ²
869 1632 1060 1683 populum
1090 1632 1280 1677 salutant,
1301 1635 1434 1670 incon-

259 1701 344 1738 dito
385 1700 546 1738 fremitu
589 1704 747 1738 nomine
789 1704 917 1738 vocati
959 1702 1214 1752 respondent.
1283 1702 1432 1739 nullum

259 1770 404 1807 animal
432 1773 611 1821 graviore
640 1785 777 1808 somno
805 1774 1010 1821 premitur.
1066 1774 1195 1821 pinnis
1224 1772 1365 1821 quibus
1393 1774 1433 1808 in

260 1842 358 1876 mari
397 1846 565 1876 utuntur
602 1839 709 1876 humi
749 1853 907 1890 quoque
946 1842 1030 1877 vice
1068 1840 1216 1890 pedum
1254 1846 1431 1890 serpunt.

259 1909 383 1959 pelles
407 1922 543 1946 eorum
562 1912 684 1946 etiam
703 1909 904 1946 detractas
922 1912 1071 1959 corpori
1092 1923 1250 1946 sensum
1269 1923 1432 1960 aequor-

390 1995 401 2014 ¹
425 1995 478 2026 v.l.
496 2005 692 2036 vocemque.
811 1994 824 2013 ²
848 1995 1010 2027 Mueller:
1036 1995 1110 2026 visu
1127 2000 1184 2027 aut
1198 1995 1301 2028 iussu.

264 2068 331 2102 190
