1482 2312
164 988 205 1020 24

417 128 583 167 PLINY
596 143 606 167 z
657 128 919 167 NATURAL
954 127 1191 167 HISTORY

227 237 358 270 ortum
402 231 731 282 occultanturque
775 233 976 281 incognito
1022 230 1152 274 modo,
1196 229 1301 281 quod
1345 242 1393 268 eo

228 309 353 358 magis
388 309 530 343 mirum
565 312 624 343 est
659 309 688 343 si
723 309 870 356 spirare
904 308 943 342 in
977 319 1080 356 aqua
1112 318 1190 342 non
1223 311 1388 356 queunt.

228 382 356 420 solent
391 385 431 419 in
464 388 613 419 terram
647 394 854 431 erumpere
888 383 1039 418 incerta
1071 380 1121 418 de
1154 394 1285 424 causa,
1319 393 1391 418 nec

228 460 366 495 statim
413 456 556 494 tellure
603 462 712 493 tacta
757 459 990 500 moriuntur,
1037 455 1241 505 multoque
1287 458 1393 492 ocius

230 532 361 569 fistula
388 532 532 569 clausa.
588 531 722 582 lingua
750 536 811 568 est
840 533 870 567 is
898 536 1035 567 contra
1063 536 1246 567 naturam
1274 543 1391 580 aqua-

229 607 358 644 tilium
398 606 566 650 mobilis,
606 607 734 642 brevis
775 611 897 655 atque
938 605 1031 649 lata,
1072 604 1169 642 haut
1209 604 1392 642 differens

229 681 378 719 suillae.
433 695 503 732 pro
533 694 627 718 voce
656 683 829 731 gemitus
858 679 1030 716 humano
1059 679 1207 724 similis,
1236 679 1394 716 dorsum

230 757 463 808 repandum,
497 762 665 793 rostrum
697 758 862 792 simum:
908 768 986 805 qua
1017 754 1067 791 de
1099 767 1217 791 causa
1248 767 1393 791 nomen

229 834 389 869 simonis
413 844 550 868 omnes
574 833 672 867 miro
697 830 813 867 modo
838 835 1057 880 agnoscunt
1081 828 1313 879 maluntque
1337 831 1395 866 ita

230 907 431 958 appellari.

281 982 393 1019 VIII.
423 981 644 1032 Delphinus
693 994 772 1017 non
820 979 967 1017 homini
1018 985 1176 1016 tantum
1225 981 1394 1016 amicum

231 1057 375 1094 animal
397 1070 532 1094 verum
554 1061 595 1093 et
616 1058 788 1092 musicae
811 1057 900 1098 arti,
921 1054 1116 1091 mulcetur
1137 1053 1394 1104 symphoniae

230 1138 351 1169 cantu
381 1138 443 1169 set
472 1134 684 1182 praecipue
714 1129 895 1181 hydrauli
926 1142 1032 1166 sono.
1086 1128 1286 1165 hominem
1317 1141 1393 1165 non

231 1209 460 1258 expavescit
478 1212 522 1243 ut
541 1206 726 1249 alienum,
746 1205 901 1242 obviam
919 1206 1083 1254 navigiis
1102 1205 1224 1248 venit,
1242 1202 1395 1240 adludit

232 1282 429 1326 exultans,
460 1287 588 1318 certat
621 1283 742 1317 etiam
775 1285 816 1317 et
847 1281 1024 1329 quamvis
1056 1278 1174 1329 plena
1204 1280 1395 1329 praeterit

191 1366 203 1370 “
232 1357 328 1394 vela.
397 1357 487 1394 divo
539 1357 722 1405 Augusto
774 1357 949 1405 principe
1003 1353 1216 1390 Lucrinum
1268 1352 1395 1390 lacum

231 1434 410 1469 invectus
456 1433 640 1482 pauperis
687 1429 889 1467 cuiusdam
936 1441 1103 1479 puerum
1151 1440 1199 1465 ex
1246 1427 1394 1464 Baiano

234 1506 418 1544 Puteolos
431 1509 470 1543 in
484 1506 621 1543 ludum
634 1505 871 1542 litterarium
884 1507 1068 1548 stantem,
1079 1516 1168 1540 cum
1182 1502 1398 1540 meridiano

233 1585 444 1619 immorans
473 1580 717 1631 appellatum
747 1592 837 1616 eum
867 1581 1025 1616 simonis
1054 1580 1212 1615 nomine
1241 1579 1397 1628 saepius

234 1657 467 1708 fragmentis
498 1659 610 1706 panis
642 1668 761 1706 quem
794 1655 843 1691 ob
875 1657 950 1691 iter
982 1653 1138 1691 ferebat
1169 1652 1397 1696 adlexisset,

234 1735 331 1769 miro
344 1744 476 1768 amore
489 1730 836 1780 dilexit—pigeret
852 1728 999 1766 referre
1015 1731 1054 1765 ni
1072 1741 1134 1765 res
1153 1728 1399 1765 Maecenatis

235 1813 277 1845 et
301 1806 465 1843 Fabiani
490 1811 531 1843 et
558 1805 663 1841 Flavi
690 1804 780 1841 Alfii
805 1803 1100 1853 multorumque
1126 1808 1230 1840 esset
1255 1802 1398 1840 litteris

235 1881 739 1930 mandata‚—quocumque
777 1878 854 1916 diei
892 1884 1072 1928 tempore
1110 1877 1344 1914 inclamatus
1377 1890 1400 1914 a

235 1969 357 2007 puero
375 1958 551 2007 quamvis
570 1955 745 1992 occultus
765 1960 886 2004 atque
905 1953 1063 1990 abditus
1082 1966 1130 1990 ex
1148 1954 1227 1989 imo
1245 1951 1397 1990 advola-

240 2035 305 2081 178
