1482 2312
414 161 579 199 PLINY
594 176 603 199 ι
654 162 918 201 NATURAL
955 163 1190 201 HISTORY

216 265 384 303 eaedem
406 264 621 301 interlunio
643 270 813 302 cessant.
869 267 947 301 iam
969 267 1010 301 in
1033 278 1152 316 opere
1176 268 1242 316 qui
1266 265 1389 310 labor,

215 340 318 377 quae
348 326 561 364 sedulitas!
608 331 649 363 et
679 328 866 376 quoniam
897 339 946 363 ex
976 326 1131 364 diverso
1160 327 1388 365 convehunt

216 388 343 425 altera
362 387 524 425 alterius
543 390 705 438 ignarae
719 388 734 411 1
752 390 851 424 certi
871 388 955 424 dies
973 387 988 410 2
1008 388 1059 425 ad
1077 391 1389 439 recognitionem

133 456 192 486 110
216 456 399 487 mutuam
432 449 618 486 nundinis
652 449 809 486 dantur.
865 462 968 499 quae
1002 455 1098 486 tunc
1131 463 1267 487 earum
1300 464 1390 487 con-

215 514 401 556 cursatio,
434 525 553 561 quam
587 510 756 561 diligens
790 524 880 547 cum
913 511 1037 548 obviis
1070 511 1269 561 quaedam
1301 525 1389 549 con-

216 573 361 610 locutio
400 578 523 623 atque
561 573 835 623 percontatio!
905 572 1033 609 silices
1071 575 1215 610 itinere
1254 586 1391 610 earum

216 634 384 671 adtritos
410 634 589 671 videmus
615 640 657 671 et
683 647 803 684 opere
829 636 1017 671 semitam
1041 633 1205 679 factam,
1229 648 1280 672 ne
1305 637 1392 685 quis

216 697 376 733 dubitet
393 701 435 733 et
452 695 634 746 qualibet
649 698 689 731 in
705 709 747 732 re
768 696 863 746 quid
882 698 1006 746 possit
1026 696 1392 747 quantulacumque

217 758 437 795 adsiduitas
454 758 461 794 !
495 758 694 808 sepeliunt
707 760 812 794 inter
825 771 866 794 se
880 759 1100 795 viventium
1113 757 1219 795 solae
1232 763 1393 809 praeter

218 819 566 856 hominem.-non
587 825 680 856 sunt
699 821 739 855 in
759 818 890 855 Sicilia
909 821 1112 869 pinnatae.

132 888 189 917 111
269 881 431 918 Indicae
453 881 640 918 formicae
661 895 808 918 cornua
828 880 1010 932 Erythris
1030 884 1070 917 in
1091 881 1190 918 aede
1212 881 1393 919 Herculis

218 944 296 980 fixa
328 943 517 980 miraculo
551 942 674 979 fuere.
731 956 870 979 aurum
903 941 979 980 hae
1012 945 1189 980 cavernis
1223 949 1393 993 egerunt

217 1019 307 1042 cum
320 1004 336 1027 ³
352 1011 473 1049 terra,
489 1007 528 1040 in
551 1007 713 1054 regione
730 1004 1103 1054 septentrionalium
1122 1004 1310 1041 Indorum
1327 1007 1392 1055 qui

218 1066 379 1103 Dardae
423 1072 626 1103 vocantur.
682 1068 774 1115 ipsis
817 1065 922 1102 color
964 1065 1116 1110 felium,
1159 1066 1394 1116 magnitudo

218 1129 395 1178 Aegypti
447 1128 641 1177 luporum.
697 1133 856 1164 erutum
904 1126 978 1164 hoc
1025 1128 1075 1164 ab
1121 1130 1166 1164 iis
1213 1134 1393 1177 tempore

220 1189 385 1226 hiberno
437 1189 523 1225 Indi
574 1188 757 1225 furantur
807 1191 959 1225 aestivo
1008 1188 1176 1232 fervore,
1226 1188 1394 1226 conditis

217 1257 381 1301 propter
407 1264 594 1301 vaporem
621 1253 660 1286 in
687 1250 887 1287 cuniculos
914 1249 1099 1295 formicis,
1127 1264 1229 1301 quae
1256 1256 1393 1287 tamen

219 1313 339 1349 odore
355 1312 590 1349 sollicitatae
607 1311 816 1362 provolant
831 1312 1049 1362 crebroque
1065 1311 1242 1349 lacerant
1258 1325 1394 1362 quam-

219 1377 273 1411 vis
294 1374 591 1424 praevelocibus
610 1373 770 1410 camelis
790 1372 1014 1424 fugientes:
1047 1379 1163 1410 tanta
1182 1376 1394 1423 pernicitas

220 1435 436 1485 feritasque
463 1442 524 1472 est
548 1449 639 1472 cum
663 1448 797 1471 amore
822 1437 917 1471 auri.

134 1502 194 1532 112
271 1497 478 1533 XXXVII.
511 1497 644 1533 Multa
659 1502 796 1533 autem
811 1499 963 1533 insecta
979 1503 1020 1533 et
1035 1496 1151 1533 aliter
1165 1502 1395 1541 nascuntur,

222 1566 345 1609 atque
377 1561 416 1595 in
448 1562 583 1608 primis
616 1573 637 1595 e
671 1572 769 1595 rore.
834 1559 980 1595 insidet
1012 1558 1073 1594 hic
1105 1558 1270 1608 raphani
1303 1558 1395 1595 folio

220 1624 345 1671 primo
371 1634 462 1658 vere
489 1627 530 1657 et
560 1623 750 1670 spissatus
777 1620 857 1657 sole
887 1623 926 1656 in
951 1620 1271 1670 magnitudinem
1300 1620 1393 1656 milii

219 1685 385 1733 cogitur.
441 1682 533 1719 inde
552 1685 767 1732 porrigitur
786 1682 1021 1719 vermiculus
1040 1695 1183 1731 parvus
1203 1688 1244 1719 et
1263 1681 1395 1718 triduo

412 1780 422 1798 ¹
445 1780 500 1810 v.l.
517 1779 644 1819 ignara.
851 1779 862 1796 ²
886 1779 1013 1809 indices
1029 1779 1200 1819 Dellessen.

500 1823 512 1840 ³
536 1832 613 1853 cum
630 1821 704 1852 add.
720 1824 735 1851 I!
753 1821 908 1861 Mayhoff
922 1824 1045 1860 (terrae
1060 1821 1148 1860 alii).

262 1935 277 1950 ⁰
300 1931 334 1962 It
351 1931 412 1962 has
429 1931 513 1961 been
530 1930 710 1970 suggested
727 1930 805 1961 that
822 1929 916 1960 these
933 1929 1030 1960 relies
1045 1939 1131 1960 were
1147 1930 1182 1960 in
1198 1929 1321 1970 reality
1337 1928 1396 1960 the

217 1974 448 2048 ξὲΞῘΞ-Ἧῑοεξὸοἰ
465 1973 613 2004 Tibetan
631 1972 861 2012 gold-minem,
883 1972 952 2003 and
971 1972 1030 2003 the
1048 1971 1299 2012 gold-carrying
1318 1976 1395 2003 ants

368 2042 387 2057 ζ,
409 2041 416 2047 .

221 2089 290 2126 500
