1482 2312
163 718 224 750 178

161 1445 221 1476 179

161 1807 222 1838 180

447 176 613 214 PLINY
627 190 635 214 ε
686 177 947 215 NATURAL
983 177 1218 216 HISTORY

249 279 471 317 decedente
494 282 575 316 ovis
598 279 743 317 relictis
766 282 806 316 in
828 280 921 317 limo
943 284 1125 331 generari
1145 284 1271 331 pisces
1287 285 1352 332 qui
1369 282 1420 319 ad

249 352 394 401 pabula
413 351 589 401 petenda
612 352 810 401 palpitent
832 356 984 403 exiguis
1010 352 1220 397 branchiis,
1239 367 1316 404 quo
1337 354 1418 391 fieri

247 437 326 460 non
344 424 497 474 indigos
517 427 675 467 umoris,
694 430 857 474 propter
875 425 980 474 quod
1000 431 1041 462 et
1060 425 1253 476 anguillas
1272 426 1420 463 diutius

249 499 378 533 vivere
403 503 612 546 exemptas
637 499 762 546 aquis,
781 510 853 533 ova
878 503 1015 534 autem
1039 501 1078 533 in
1102 500 1204 535 sicco
1227 501 1418 535 maturari

248 574 291 606 ut
312 568 573 606 testudinum.
630 569 771 606 eadem
792 571 832 605 in
854 569 970 606 Ponti
992 573 1153 620 regione
1175 569 1417 620 adprehendi

246 641 374 690 glacie
397 644 559 691 piscium
586 644 758 678 maxime
781 641 972 692 gobiones
995 655 1073 679 non
1097 645 1169 680 nisi
1193 646 1418 692 patinarum

247 713 377 750 calore
402 713 563 751 w'talem
593 725 746 750 motum
775 713 952 751 fatentis.
1010 720 1071 752 est
1096 717 1135 751 in
1160 713 1218 751 his
1245 714 1420 765 quidem,

244 788 404 823 tametsi
456 785 730 829 mirabilibus,1
780 792 917 823 tamen
966 786 1097 836 aliqua
1146 790 1258 823 ratio.
1314 787 1419 824 idem

245 858 368 895 tradit
394 861 434 895 in
461 858 733 909 Paphlagonia
760 858 874 896 effodi
902 862 1028 908 pisces
1054 862 1298 909 gratissimos
1323 860 1419 897 cibis

245 937 424 968 terrenos
451 932 541 968 altis
567 931 768 969 scrobibus
796 934 835 967 in
861 934 906 968 iis
933 931 1026 969 locis
1053 935 1091 968 in
1119 932 1260 982 quibus
1287 932 1419 969 nullae

246 1010 478 1054 restagnent
524 1016 675 1054 aquae3
733 1007 979 1054 miratusque
996 1004 1011 1027 2
1054 1007 1138 1054 ipse
1181 1007 1289 1055 gigni
1334 1009 1418 1042 sine

244 1080 350 1114 coitu
369 1080 514 1113 umoris
534 1077 695 1127 quidem
714 1080 792 1114 vim
811 1077 984 1127 aliquam
1002 1080 1130 1114 inesse
1150 1091 1269 1127 quam
1287 1080 1419 1127 puteis

245 1150 586 1186 arbitratur—ceu
621 1163 713 1186 vero
747 1152 786 1186 in
826 1150 914 1186 ullis
929 1150 944 1172 ³
982 1152 1232 1199 reperiantur
1271 1151 1416 1199 pisces!

244 1222 432 1272 quicquid
460 1228 520 1259 est
544 1221 631 1266 hoc,
650 1228 759 1259 certe
779 1225 907 1259 minus
927 1222 1201 1259 admirabilem
1221 1222 1417 1272 talparum

244 1294 337 1331 facit
362 1298 498 1333 vitam.
520 1295 768 1332 subterranei
791 1295 985 1338 animalis,
1006 1297 1079 1332 nisi
1101 1294 1204 1332 forte
1227 1298 1417 1332 vermium

244 1373 492 1404 terrenorum
514 1373 554 1404 et
575 1367 633 1404 his
654 1368 824 1417 piscibus
845 1373 987 1404 natura
1008 1370 1123 1404 inest.

298 1439 516 1476 LXXXIV.
547 1439 695 1477 Verum
711 1440 892 1477 omnibus
907 1439 966 1477 his
983 1440 1102 1477 fidem
1119 1440 1195 1476 Nili
1212 1440 1418 1477 inundatio

244 1512 375 1549 adfert
394 1515 525 1548 omnia
545 1512 768 1549 excedente
787 1512 997 1549 miraculo:
1031 1515 1177 1562 quippe
1197 1512 1417 1563 detegente

245 1598 291 1622 eo
306 1585 470 1621 musculi
487 1588 739 1634 reperiuntur
754 1584 938 1622 inchoato
953 1598 1073 1635 opere
1088 1585 1274 1635 genitalis
1290 1598 1417 1635 aquae

242 1663 469 1707 terraeque,
509 1661 587 1694 iam
626 1664 741 1707 parte
779 1660 951 1707 corporis
990 1660 1168 1694 viventes
1207 1660 1416 1694 novissima

241 1730 371 1780 effigie
392 1732 611 1766 etiamnum
631 1737 803 1767 terrena.

300 1802 496 1839 LXXXV.
529 1802 610 1839 Nec
639 1802 689 1839 de
719 1802 855 1839 anthia
884 1805 991 1852 pisce
1019 1802 1134 1839 silere
1159 1805 1344 1839 convenit
1368 1815 1415 1839 ea

244 1887 347 1924 quae
401 1874 610 1924 plerosque
666 1875 830 1912 adverto
884 1875 1107 1912 credidisse.
1164 1874 1414 1912 Chelidonias

371 1979 382 1997 ¹
406 1979 595 2010 Rackham:
623 1979 798 2053 maierist.
925 1979 1042 2054 ufigh
1060 1979 1282 2021 miraturque.

710 2032 755 2052 αἸδ
771 2034 777 2053 :
803 2032 885 2054 VCI'O
901 2033 923 2054 n
1006 2047 1013 2053 .

241 2084 307 2119 282
