1482 2312
171 1229 212 1260 93

432 148 596 186 PLINY
612 162 620 185 ε
670 147 932 185 NATURAL
967 146 1202 184 HISTORY

233 254 342 291 lacus
368 265 505 290 eorum
530 257 689 301 apertos
715 256 838 300 atque
865 250 916 286 ibi
943 249 1185 287 salsamenta
1210 249 1405 299 populari,

235 325 383 359 —mire
435 321 617 358 omnibus
673 322 832 356 marinis
886 319 1170 368 expetentibus
1223 318 1405 356 ordorem

236 404 394 442 quoque
419 404 569 433 eorum,
590 402 668 439 qua
693 389 743 426 de
769 401 887 425 causa
909 394 949 425 et
974 390 1097 424 nassis
1121 387 1405 432 inlinuntur,—

235 463 432 498 convertit
458 462 497 495 in
524 472 566 496 se
592 458 803 495 custodum
829 457 1145 507 indignationem
1171 456 1406 494 assiduitate

236 528 330 566 furti
362 528 643 566 immodicam.1
697 540 836 576 saepes
868 531 981 563 erant
1012 526 1207 570 obiectae,
1237 526 1307 563 sed
1337 525 1407 562 has

237 597 547 636 transcendebat
575 610 647 647 per
674 597 870 640 arborem,
900 608 972 632 nec
1001 594 1245 645 deprehendi
1276 597 1408 644 potuit

238 671 309 704 nisi
335 680 479 704 canum
498 669 734 716 sagacitate.
789 664 828 701 hi
857 665 1095 702 redeuntem
1122 667 1408 701 circumvasere

238 743 372 781 noctu,
418 738 642 785 concitique
688 734 873 772 custodes
922 747 1119 783 expavere
1166 736 1409 770 novitatem:

239 810 408 856 primum
441 809 617 842 omnium
650 804 886 854 magnitudo
919 803 1098 840 inaudita
1132 809 1233 847 erat,
1264 802 1410 840 deinde

237 876 356 919 colos,
391 878 517 912 muria
551 874 678 917 obliti,
712 874 832 910 odore
867 872 963 916 diri;
1012 875 1098 923 quis
1133 873 1185 909 ibi
1220 872 1410 923 polypum

239 950 512 994 exspectasset
548 949 617 981 aut
653 946 710 980 ita
745 942 1031 993 cognosceret?
1102 955 1193 978 cum
1229 948 1406 979 monstro

239 1014 427 1052 dimicare
455 1014 526 1051 sibi
554 1013 807 1056 videbantur,
829 1025 1004 1062 namque
1026 1017 1067 1048 et
1088 1011 1224 1048 affiatu
1244 1011 1410 1048 terribili

237 1097 356 1122 canes
389 1083 578 1133 angebat,
612 1095 715 1119 nunc
750 1084 939 1118 extremis
972 1081 1144 1118 crinibus
1176 1080 1412 1131 flagellatos,

240 1167 343 1190 nunc
359 1153 644 1190 robustioribus
661 1150 852 1188 bracchiis
867 1151 1067 1187 clavarum
1084 1150 1201 1187 modo
1218 1153 1411 1195 incussos;

239 1236 440 1273 aegreque
454 1222 587 1259 multis
600 1221 840 1258 tridentibus
856 1221 992 1257 confici
1009 1222 1152 1270 potuit.
1201 1220 1412 1257 ostendere

242 1292 406 1330 Lucullo
435 1297 556 1342 caput
588 1294 671 1328 eius
702 1291 794 1328 dolii
826 1289 1103 1340 magnitudine
1134 1289 1412 1339 amphorarum

242 1377 291 1400 xv
309 1376 436 1412 capax
455 1368 593 1411 atque,
613 1367 656 1397 ut
676 1363 796 1410 ipsius
824 1360 941 1397 Trebi
962 1360 1091 1396 verbis
1112 1366 1215 1403 utar,
1243 1359 1250 1371 ‘
1270 1359 1412 1396 barbas

241 1446 338 1482 quas
362 1435 425 1468 vix
449 1437 619 1481 utroque
642 1430 825 1467 bracchio
848 1430 1044 1479 conplecti
1069 1435 1189 1473 esset,
1211 1429 1413 1466 clavarum

241 1502 358 1539 modo
396 1507 561 1545 torosas,
590 1501 728 1550 longas
768 1500 915 1549 pedum
956 1513 1051 1543 XXX,
1080 1499 1298 1536 acetabulis
1332 1501 1413 1536 sive

239 1571 412 1609 caliculis
429 1571 630 1607 urnalibus
647 1570 821 1619 pelvium
839 1569 970 1613 modo,
987 1569 1130 1606 dentes
1147 1568 1413 1618 magnitudini

241 1640 555 1691 respondentes.'
608 1640 798 1690 reliquiae
813 1640 1047 1676 adservatae
1062 1638 1250 1675 miraculo
1264 1651 1412 1688 pepen-

242 1711 336 1748 dere
389 1710 520 1760 pondo
574 1723 655 1746 nce.
720 1712 875 1758 saepias
927 1721 1086 1759 quoque
1132 1714 1173 1745 et
1216 1708 1410 1758 lolligines

243 1780 421 1818 eiusdem
452 1779 737 1830 magnitudinis
770 1779 953 1828 expulsas
985 1781 1024 1814 in
1056 1778 1148 1815 litus
1179 1777 1276 1814 illud
1307 1777 1413 1814 idem

242 1857 379 1887 auctor
407 1856 479 1886 est.
534 1852 574 1885 in
602 1855 735 1886 nostro
764 1851 861 1885 mari
890 1848 1085 1898 lolligines
1114 1850 1277 1897 quinum
1306 1847 1414 1883 cubi-

242 1926 374 1957 torum
394 1922 619 1968 capiuntur,
640 1921 800 1968 saepiae
822 1918 970 1955 binum.
1026 1930 1157 1967 neque
1178 1916 1237 1954 his
1259 1917 1411 1953 bimatu

244 1989 394 2039 longior
417 1991 509 2027 vita.

521 2052 534 2071 ¹
559 2051 715 2092 Mayhoff
726 2064 733 2083 :
758 2051 985 2082 immodicam,
1000 2055 1057 2082 aut
1071 2060 1136 2082 -ca.

246 2109 315 2143 224
