1482 2368
99 355 141 384 44

99 1699 141 1729 46

366 185 531 223 PLINY
546 200 554 223 :
604 187 868 224 NATURAL
903 187 1138 224 HISTORY

168 288 292 326 video.
330 288 566 326 Aristoteles
580 289 733 326 diversa
748 289 887 333 tradit,
901 292 957 325 vir
973 302 1090 339 quern
1106 292 1146 325 in
1158 288 1217 326 his
1229 303 1338 340 mag-

167 363 217 385 na
237 356 443 386 secuturus
465 363 514 386 ex
539 356 655 399 parte
675 350 938 399 praefandum
958 363 1056 387 reor.
1112 350 1338 387 Alexandro

170 410 320 460 Magno
338 424 432 460 rege
450 410 699 447 inflammato
716 411 900 460 cupidine
925 411 1154 447 animalium
1177 417 1338 448 naturas

167 472 352 509 noscendi
374 472 644 522 delegataque
666 471 740 509 hac
760 475 1098 509 commentatione
1120 472 1339 515 Aristoteli,

167 546 319 570 summo
339 536 379 569 in
398 536 502 569 omni
525 533 704 570 doctrina
726 536 819 576 viro,
839 533 990 583 aliquot
1010 533 1117 570 milia
1136 532 1338 570 hominum

167 596 206 630 in
230 597 354 631 totius
376 595 495 631 Asiae
516 595 792 644 Graeciaeque
818 600 951 631 tractu
977 607 1116 644 parere
1138 594 1200 631 eil
1223 597 1339 637 iussa,

166 658 341 691 omnium
369 669 465 705 quos
494 663 676 699 venatus,
703 658 871 705 aucupia
898 659 1151 705 piscatusque
1178 655 1337 691 alebant

167 717 389 766 quibusque
445 719 604 760 vivaria,
660 723 856 760 armenta,
911 716 1098 759 alvearia,
1153 719 1340 766 piscinae,

167 780 313 814 aviaria
351 780 390 813 in
430 791 522 814 cura
563 784 692 821 erant,
731 791 780 814 ne
820 777 915 827 quid
953 791 1119 827 usquam
1158 780 1339 827 genitum

165 840 415 888 ignoraretur
433 839 482 875 ab
502 852 560 875 eo.
617 852 713 888 quos
732 839 1028 888 percunctando
1048 840 1338 888 quinquaginta

166 899 292 936 ferme
311 899 508 936 volumina
523 900 590 936 illa
609 900 811 949 praeclara
829 900 879 937 de
897 899 1132 936 animalibus
1149 898 1338 936 condidit.

168 973 270 1010 quae
286 974 309 996 a
323 974 387 997 me
401 961 568 997 collecta
584 964 623 996 in
639 967 769 997 artum
790 974 879 997 cum
900 964 945 998 iis
966 974 1068 1011 quae
1089 963 1340 1011 ignoraverat

167 1034 313 1071 quaeso
356 1027 400 1058 ut
442 1021 622 1072 legentes
674 1023 766 1059 boni
809 1022 1030 1066 consulant,
1072 1025 1110 1058 in
1154 1024 1340 1058 um‘versis

167 1095 297 1119 rerum
325 1088 493 1119 naturae
520 1083 704 1132 operibus
733 1083 944 1132 medioque
970 1083 1173 1120 clarissimi
1201 1095 1339 1132 regum

167 1146 342 1180 omnium
359 1143 554 1180 desiderio
571 1157 664 1180 cura
688 1150 821 1180 nostra
838 1144 1013 1180 breviter
1036 1146 1338 1193 perigrinantes.

167 1207 198 1241 is
228 1218 322 1254 ergo
350 1205 474 1242 tradit
513 1205 694 1242 leaenam
727 1208 852 1254 primo
881 1205 968 1242 fetu
997 1218 1136 1254 parere
1165 1207 1339 1254 quinque

165 1265 332 1309 catulos,
361 1279 406 1302 ac
435 1279 506 1315 per
534 1279 656 1303 annos
685 1266 859 1316 singulos
888 1279 966 1302 uno
994 1266 1155 1310 minus‚2
1183 1266 1233 1302 ab
1262 1279 1340 1302 uno

167 1327 436 1370 sterilescere;
488 1327 675 1364 informes
715 1331 976 1377 minimasque
1014 1340 1152 1364 carnes
1190 1329 1342 1377 magni-

167 1388 306 1425 tudine
322 1388 595 1425 mustellarum
613 1402 697 1425 esse
714 1392 839 1432 initio,
853 1395 1093 1425 semenstres
1110 1391 1172 1424 vix
1186 1388 1339 1438 ingredi

168 1462 282 1498 posse
307 1462 379 1486 nec
400 1453 472 1486 nisi
493 1450 730 1486 bimenstres
756 1453 928 1492 moveri;
954 1453 994 1486 in
1020 1450 1180 1499 Europa
1203 1455 1339 1486 autem

168 1513 272 1547 inter
303 1510 523 1547 Acheloum
553 1517 713 1547 tanturn
748 1511 1007 1560 Mestumque
1039 1524 1174 1548 amnes
1207 1510 1340 1547 leones

169 1585 268 1615 esse,
289 1572 360 1609 sed
381 1572 498 1622 longe
521 1572 665 1608 viribus
688 1574 997 1621 praestantiores
1019 1574 1064 1609 iis
1087 1585 1183 1622 quos
1205 1571 1340 1608 Africa

168 1639 209 1670 et
222 1633 238 1656 3
251 1632 363 1683 Syria
377 1636 557 1683 gignant.

218 1694 369 1731 XVIII.
401 1694 580 1731 Leonum
603 1694 681 1731 duo
704 1707 874 1745 genera:
911 1694 1132 1744 conpactile
1156 1700 1197 1731 et
1219 1694 1339 1731 breve

167 1756 417 1805 crispioribus
444 1755 669 1793 iubis—hos
697 1756 917 1805 pavidiores
945 1769 1030 1792 esse
1059 1769 1178 1805 quam
1202 1755 1339 1805 longos

307 1842 319 1860 ¹
341 1842 371 1873 ei
387 1842 461 1873 add.
479 1842 645 1873 Hardain.
823 1842 835 1860 ²
858 1842 911 1873 v.l.
928 1841 1068 1882 singulis
1084 1842 1205 1873 minus.

591 1885 603 1904 ³
627 1884 812 1915 Raclsham
839 1889 910 1915 aut.

296 1990 310 2004 α
334 1987 528 2017 Herodotus
548 1987 613 2023 III,
638 1988 707 2017 IGS.
824 1986 834 2005 ὗ
859 1986 929 2017 The
944 1987 1205 2027 Aspropotamo.

383 2034 393 2047 ⁶
416 2029 461 2060 Or
477 2029 612 2066 Nestus,
630 2040 705 2060 now
722 2030 780 2060 the
797 2029 916 2065 Mesto,
935 2030 969 2060 in
985 2029 1123 2060 Thrace.

165 2094 213 2130 34
