1482 2312
383 160 548 198 PLINY
564 174 572 198 ε
624 161 886 198 NATURAL
924 160 1159 199 HISTORY

186 277 346 315 quoque
401 270 518 314 partu
565 277 654 301 sues
701 268 846 313 primas
892 264 1102 314 praebent,
1148 277 1221 302 eae
1267 271 1358 302 sunt

186 326 366 363 faucibus
397 328 616 375 proximae,
648 331 689 362 et
720 339 832 362 suam
864 328 1031 376 quisque
1062 328 1171 363 novit
1201 328 1240 362 in
1271 325 1357 364 fetu

186 401 265 439 quo
294 390 453 438 genitus
484 393 544 424 est
574 387 711 424 ordine
742 400 870 437 eaque
899 387 1019 424 alitur
1046 400 1120 425 nec
1149 387 1238 425 alia.
1292 387 1358 425 de-

185 455 316 487 tracto
336 449 406 486 illa
429 449 589 485 alumno
613 462 683 486 suo
707 449 917 486 sterilescit
938 448 1027 486 ilico
1051 462 1097 486 ac
1120 448 1258 492 resilit,
1283 462 1360 486 uno

187 525 279 549 vero
301 524 350 548 ex
370 514 476 547 omni
497 511 616 547 turba
637 511 775 548 relicto
795 510 879 548 sola
898 510 1077 548 munifex
1099 524 1202 561 quae
1222 514 1360 561 genito

102 579 165 610 235
184 573 318 610 fuerat
342 572 547 610 adtributa
572 572 788 622 dependet.
843 586 957 610 ursae
982 586 1176 610 mammas
1201 579 1360 623 quater-

186 649 257 673 nas
295 641 452 685 gerunt.
507 634 683 684 delphini
722 634 835 672 binas
872 637 912 671 in
950 637 1030 671 ima
1066 634 1154 672 alvo
1191 634 1360 685 papillas

186 703 361 741 tantum,
391 710 464 734 nec
496 697 702 734 evidentes
734 703 776 734 et
806 697 969 747 paulum
1000 700 1040 733 in
1070 696 1243 734 oblicum
1273 710 1360 747 por-

187 765 338 802 reetas3
381 772 512 808 neque
541 758 649 796 aliud
677 758 824 795 animal
851 761 890 794 in
919 772 1034 796 cursu
1061 758 1264 796 lambitur.
1319 764 1361 796 et

185 821 395 858 ballaenae
415 826 551 858 autem
572 820 765 870 vitulique
784 823 925 857 marini
942 820 957 844 1
976 823 1159 858 mammis
1178 822 1361 858 nutriunt

186 882 305 919 fetus.

102 950 166 981 236
235 944 376 981 XCVI.
408 944 568 981 Mulieri
593 949 688 981 ante
712 947 928 993 septimum
954 957 1134 981 mensem
1156 944 1361 994 profusum

184 1005 245 1043 lac
278 1006 434 1049 inutile,
466 1006 516 1042 ab
549 1019 596 1042 eo
629 1019 780 1049 mense,
812 1019 890 1056 quo
922 1005 1052 1043 vitalis
1085 1005 1178 1042 est²
1208 1011 1361 1056 partus,

185 1068 356 1105 salubre.
413 1067 612 1118 plerisque
665 1074 802 1105 autem
852 1070 948 1105 totis
1000 1070 1184 1105 mammis
1235 1073 1358 1118 atque

186 1132 309 1167 etiam
338 1129 491 1166 alarum
521 1132 608 1166 sinu
640 1128 738 1166 fluit.
792 1129 935 1166 cameli
962 1128 1024 1166 lac
1053 1128 1206 1166 habent
1235 1128 1361 1166 donec

186 1193 331 1228 iterum
359 1197 619 1241 gravescant3
661 1193 936 1228 suavissimum
963 1190 1004 1228 id
1031 1193 1285 1228 existimatur
1310 1190 1362 1227 ad

186 1265 307 1289 unam
345 1265 572 1289 mensuram
610 1253 738 1289 tribus
776 1265 905 1302 aquae
944 1251 1102 1289 additis.
1156 1252 1227 1289 bos
1265 1257 1360 1289 ante

185 1320 346 1364 partum
360 1327 438 1350 non
452 1313 576 1351 habet
591 1326 599 1357 ;
629 1319 670 1350 et
684 1316 811 1364 primo
825 1326 984 1364 semper
997 1327 1020 1350 a
1033 1319 1152 1363 partu
1165 1313 1361 1351 colostrae

187 1375 301 1419 fiunt,
340 1378 379 1411 ni
419 1376 688 1412 admisceatur
729 1389 834 1425 aqua
876 1378 916 1411 in
958 1375 1155 1424 spumae³
1197 1375 1360 1412 modum

100 1442 163 1474 237
182 1443 354 1474 coeunte
375 1437 535 1474 duritia.
590 1440 725 1474 asinae
746 1443 988 1488 praegnates
1009 1440 1199 1474 continuo
1219 1436 1361 1474 lactes-

185 1506 293 1536 cunt.
348 1499 475 1549 pullos
504 1513 655 1543 earum,
683 1500 750 1536 ubi
780 1502 928 1550 pingue
956 1499 1161 1549 pabulum,
1189 1499 1310 1536 biduo
1338 1512 1361 1536 a

185 1567 303 1611 partu
325 1567 552 1598 maternum
571 1561 633 1598 lac
653 1567 836 1612 gustasse
858 1561 979 1599 letale
1001 1567 1084 1605 est3
1119 1574 1246 1612 genus
1267 1560 1359 1598 mali

185 1629 350 1660 vocatur
386 1623 629 1660 colostratio.
695 1636 834 1660 caseus
872 1636 951 1660 non
989 1623 1034 1660 fit
1071 1636 1121 1660 ex
1158 1625 1360 1673 utrimque

185 1684 377 1729 dentatis,
393 1688 581 1735 quoniam
601 1698 739 1722 eorum
756 1685 818 1722 lac
837 1698 916 1722 non
934 1687 1026 1722 coit.
1080 1687 1359 1722 tenuissimum

184 1747 361 1791 camelis,
398 1761 489 1784 mox
529 1749 654 1797 equis,
691 1750 977 1784 crassissimum
1014 1749 1163 1791 asinae,
1199 1752 1244 1783 ut
1282 1760 1359 1797 quo

100 1813 164 1845 238
182 1809 338 1860 coaguli
371 1812 454 1846 vice
487 1815 664 1846 utantur.
720 1809 901 1846 conferre
935 1809 1087 1859 aliquid
1120 1815 1161 1846 et
1198 1808 1358 1846 candori

332 1879 342 1898 ¹
366 1878 487 1909 marini
504 1877 579 1910 add.
597 1878 707 1910 Dalm.
953 1877 965 1897 ²
990 1878 1072 1919 vulq.
1091 1877 1221 1909 vitales.

545 1921 558 1940 ³
581 1921 768 1962 Detlessen:
793 1922 827 1952 in
844 1921 998 1962 pumicis.

198 2005 241 2076 t‘*
262 2002 333 2057 Tine
362 2002 455 2034 MSS.
482 2002 560 2043 give
589 2000 721 2033 ‘which
749 2001 877 2033 hat-den
905 2002 978 2033 into
1006 2011 1027 2033 a
1052 2005 1125 2033 sort
1152 2001 1188 2033 of
1211 2001 1358 2043 pumice-

181 2055 197 2077 s
216 2055 289 2076 one.

184 2091 253 2138 580
