1482 2312
422 115 587 154 PLINY
602 130 610 153 :
661 116 922 154 NATURAL
958 115 1192 153 HISTORY

229 225 409 268 tempore
426 219 566 255 similia
582 221 829 255 revivescunt
845 231 918 254 nec
933 224 1067 267 potest
1084 224 1195 254 aetas
1212 217 1394 261 discerni,

229 283 298 320 sed
326 282 512 319 dentibus
540 288 702 319 senecta
729 281 977 325 declaratum
1019 287 1088 318 aut
1117 283 1222 317 enim
1248 294 1394 331 paucos

230 353 299 383 aut
318 346 445 383 nullos
463 345 627 390 habent,
647 359 719 382 nec
738 348 778 382 in
796 346 977 382 cornibus
996 348 1083 382 imis
1101 358 1230 382 ramos
1249 345 1394 394 alioqui

148 416 208 447 117
228 416 322 448 ante
368 410 540 447 frontem
585 412 808 459 prominere
854 409 988 446 solitos
1034 409 1261 446 iunioribus.
1316 422 1395 445 non

230 474 419 512 decidunt
445 476 627 511 castratis
654 487 800 510 cornua
826 486 899 510 nec
925 479 1154 517 nascuntur,
1182 478 1395 522 erumpunt

229 544 365 575 autem
402 538 698 574 renascentibus
737 537 943 574 tuberibus
980 539 1106 586 primo
1143 537 1277 573 aridae
1313 539 1394 573 cuti

230 602 384 646 similia,
403 602 521 640 dein1
545 604 693 638 teneris
720 604 943 638 increscunt
970 600 1104 637 ferulis
1130 600 1395 638 harundineas

230 670 268 703 in
305 666 506 716 paniculas
543 665 651 702 molli
687 664 917 714 plumatas²
952 664 1152 715 lanugine.
1207 664 1396 715 quamdiu

228 736 365 767 carent
398 733 457 774 iis,
490 730 670 766 noctibus
704 729 924 778 procedunt
958 729 1008 766 ad
1041 729 1199 779 pabula.
1253 732 1396 766 incres-

229 797 360 831 centia
390 794 480 831 solis
511 807 655 843 vapore
685 793 831 830 durant
861 793 912 830 ad
942 793 1101 830 arbores
1131 793 1298 830 subinde
1329 806 1396 829 ex·

229 861 451 908 perientes:
496 858 562 894 ubi
593 857 742 906 placuit
774 857 905 901 robur,
936 860 976 893 in
1006 863 1147 906 aperta
1176 857 1396 906 prode-unu

228 925 415 972 captique
441 924 521 958 iam
546 927 638 958 sunt
663 920 813 958 hedera
838 924 877 957 in
903 921 1084 958 cornibus
1110 921 1320 965 viridante,
1347 934 1396 958 ex

230 989 371 1023 attritu
411 986 593 1022 arborum
633 991 678 1022 ut
717 988 756 1021 in
796 985 928 1035 aliquo
966 985 1074 1035 ligno
1111 987 1260 1022 teneris
1299 984 1394 1022 dum

230 1053 489 1099 experiuntur
525 1052 675 1086 innata.
730 1049 853 1086 sunt3
892 1049 1106 1099 aliquando
1145 1055 1186 1085 et
1227 1049 1396 1086 candido

228 1114 372 1157 colore,
407 1113 566 1163 qualem
601 1113 721 1150 fuisse
755 1113 922 1150 tradunt
958 1113 1006 1159 Q.
1043 1112 1206 1150 Sertorii
1239 1125 1397 1150 cervam

230 1191 349 1227 quam
370 1191 455 1214 esse
474 1177 679 1214 fatidicam
700 1177 918 1226 Hispaniae
937 1177 1125 1227 gentibus
1144 1182 1396 1227 persuaserat

148 1248 208 1278 118
229 1248 270 1279 et
317 1241 375 1278 his
418 1255 507 1278 cum
544 1247 730 1290 serpente
766 1255 922 1291 pugna:
973 1244 1173 1291 vestigant
1209 1254 1396 1278 cavernas

231 1309 463 1355 nariumque
477 1308 617 1355 spiritu
638 1304 855 1342 extrahunt
876 1308 1107 1343 renitentes.
1156 1305 1245 1342 ideo
1265 1308 1397 1355 singu-

230 1370 311 1406 lare
329 1369 532 1420 abigendis
550 1370 801 1419 serpentibus
819 1369 915 1406 odor
931 1370 1074 1408 adusto
1090 1372 1246 1406 cervino
1261 1382 1396 1413 cornu,

230 1440 369 1470 contra
419 1447 569 1471 morsus
622 1446 714 1470 vero
765 1436 1023 1483 praecipuum
1074 1433 1294 1470 remedium
1347 1447 1397 1470 ex

148 1503 209 1533 119
227 1497 393 1548 coagulo
416 1497 590 1534 hinnulei
615 1500 752 1535 matris
775 1500 815 1533 in
838 1504 953 1534 utero
981 1501 1108 1535 occisi.
1163 1500 1245 1535 vita
1272 1500 1396 1534 cervis

230 1564 268 1597 in
310 1561 488 1598 confesso
518 1561 651 1611 longa,
682 1567 771 1611 post
802 1575 823 1598 c
853 1575 976 1599 annos
1007 1562 1202 1612 aliquibus
1234 1561 1397 1598 denuo4

229 1628 355 1674 captis
375 1639 463 1662 cum
483 1625 689 1675 torquibus
709 1628 837 1662 aureis
857 1639 954 1675 quos
973 1625 1203 1662 Alexander
1222 1625 1396 1676 Magnus

230 1689 439 1725 addiderat
471 1689 671 1738 adopertis
702 1692 781 1725 iam
813 1695 905 1726 cute
936 1692 976 1725 in
1007 1702 1154 1739 magna
1184 1689 1394 1726 obesitate.

230 1752 399 1789 febrium
438 1753 594 1789 morbos
633 1766 710 1789 non
749 1756 873 1790 sentit
910 1752 984 1790 hoc
1022 1753 1183 1797 animal,
1221 1755 1316 1803 quin
1354 1759 1396 1790 et

330 1830 341 1848 ¹
366 1830 537 1870 Mayhoff:
562 1830 692 1861 eadem.

328 1872 340 1891 ²
363 1873 551 1904 Raclcham:
576 1872 741 1913 plumata.

325 1915 337 1934 ³
360 1915 562 1947 Pintianns:
587 1916 664 1947 fuit.

330 1958 339 1976 ¹
366 1957 532 1999 Mayhoff:
558 1968 666 1989 annos
682 1969 701 1988 a
717 1958 923 1998 quibusdam
940 1962 996 1989 aul
1012 1969 1120 1990 annos
1136 1958 1319 1999 aliquibus.

222 2015 266 2057 84
