1482 2312
108 271 170 304 257

110 764 172 797 258

109 1321 172 1352 259

111 1630 173 1662 260

391 163 554 201 PLINY
570 177 579 201 ε
630 163 892 201 NATURAL
930 162 1164 201 HISTORY

189 279 254 310 se;
288 279 442 317 ungues
468 269 502 304 ei
529 266 701 317 grandes
724 279 798 303 ceu
817 265 1000 316 graculis.
1054 268 1184 302 avium
1205 264 1363 315 quibus-

190 328 282 365 dam
306 329 550 379 gravioribus
574 330 615 364 in
637 328 814 365 cruribus
839 327 963 364 additi
989 326 1102 371 radii,
1125 326 1220 363 nulli
1245 339 1365 363 uncos

190 389 426 427 habentium
442 403 608 440 ungues.
662 389 894 440 longipedes
914 391 1105 439 porrectis
1125 388 1176 425 ad
1195 388 1362 426 caudam

190 453 368 489 cruribus
385 452 535 495 volant,
551 451 693 502 quibus
709 451 864 495 breves,
879 453 1093 488 contractis
1109 450 1161 487 ad
1176 450 1364 487 medium.

192 517 258 564 qui
293 520 444 564 negant
475 513 671 550 volucrem
705 513 826 550 ullam
855 515 938 550 sine
967 512 1135 562 pedibus
1164 525 1250 549 esse
1275 525 1364 549 con-

193 576 352 612 firmant
388 581 430 613 et
465 575 614 625 apodas
649 574 798 612 habere
844 575 1043 611 breviores
1080 580 1122 611 et
1157 573 1365 624 drepanin,

193 637 327 687 quae1
359 640 556 674 rarissime
594 642 774 686 apparet.
829 639 935 673 visae
972 638 1051 672 iam
1085 641 1127 673 et
1159 641 1365 686 serpentes

193 701 384 736 anserinis
402 699 583 748 pedibus.

243 760 389 797 CVIII.
420 760 669 797 Insectorum
705 760 828 810 pedes
864 763 979 810 primi
1015 759 1212 810 longiores
1247 758 1365 796 duros

193 821 435 859 habentibus
464 821 613 866 oculos,
633 828 678 859 ut
698 821 867 859 subinde
888 821 1056 871 pedibus
1077 834 1144 858 eos
1163 825 1366 871 tergeant,

192 897 266 921 ceu
304 890 488 920 notamus
526 886 565 920 in
603 886 758 920 muscis.
813 896 916 934 quae
955 896 1004 920 ex
1041 882 1100 920 his
1137 884 1366 920 novissimos

192 944 345 982 habent
367 945 506 995 longos
528 944 690 988 saliunt,
713 951 758 982 ut
781 944 970 981 locustae.
1025 945 1206 981 omnibus
1229 949 1366 981 autem

192 1006 252 1044 his
279 1010 363 1044 seni
391 1007 526 1055 pedes.
581 1009 735 1044 araneis
763 1006 1000 1057 quibusdam
1026 1005 1231 1056 praelongi
1258 1018 1367 1043 acce-

193 1069 295 1106 dunt
328 1069 422 1106 bini.
484 1069 710 1106 internodia
743 1068 905 1119 singulis
938 1074 1066 1105 terna.
1129 1074 1292 1105 octonos
1325 1073 1367 1104 et

193 1133 354 1168 marinis
392 1144 478 1168 esse
515 1131 701 1175 diximus,
739 1130 907 1181 polypis,
945 1133 1077 1180 sepiis,
1113 1129 1367 1180 lolliginibus,

192 1195 358 1236 cancris,
378 1195 444 1243 qui
464 1192 649 1230 bracchia
669 1195 708 1228 in
727 1195 970 1229 contrarium
990 1198 1166 1236 movent,
1185 1191 1308 1242 pedes
1328 1193 1366 1227 in

194 1254 331 1291 orbem
375 1260 445 1291 aut
498 1257 538 1290 in
581 1254 776 1298 oblicum;
834 1254 960 1291 isdem
1003 1253 1094 1291 solis
1137 1253 1366 1290 animalium

192 1316 364 1354 rotundi.
419 1323 555 1353 cetera
590 1316 703 1353 binos
739 1316 863 1366 pedes
892 1316 1013 1353 duces
1042 1315 1209 1360 habent,
1237 1318 1367 1352 cancri

192 1384 353 1415 tantum
392 1384 620 1428 quaternos.
685 1391 789 1428 quae
830 1377 934 1415 hunc
973 1391 1183 1415 numerum
1220 1377 1366 1427 pedum

194 1453 401 1478 excessere
431 1443 650 1484 terrestria,
679 1446 724 1477 ut
753 1440 933 1490 plerique
963 1453 1131 1484 vermes,
1160 1452 1238 1476 non
1266 1439 1367 1476 infra

193 1502 399 1539 duodenos
417 1502 583 1546 habent,
601 1502 735 1552 aliqua
752 1515 845 1539 vero
865 1508 905 1539 et
923 1508 1126 1539 centenos.
1181 1514 1367 1538 numerus

195 1564 343 1613 pedum
365 1566 492 1613 impar
513 1564 609 1600 nulli
632 1570 704 1601 est.

242 1625 515 1676 Solidipedum
531 1640 645 1663 crura
661 1628 799 1663 statim
816 1628 921 1663 iusta
938 1631 1155 1663 nascuntur
1170 1638 1369 1669 mensura,

196 1694 336 1738 postea
375 1690 673 1738 exporrigentia
715 1701 757 1725 se
801 1691 930 1725 verius
973 1701 1093 1738 quam
1136 1690 1369 1731 crescentia,

195 1752 333 1799 itaque
346 1752 384 1785 in
399 1749 568 1786 infantia
580 1750 749 1786 scabunt
763 1763 878 1786 aures
891 1749 1174 1798 posterioribus
1187 1748 1369 1798 pedibus,

195 1811 302 1861 quod
343 1811 481 1848 addita
521 1817 659 1848 aetate
700 1824 778 1848 non
819 1817 987 1861 queunt,
1028 1813 1121 1861 quia
1160 1810 1368 1861 longitudo

195 1873 444 1922 superficiem
465 1886 673 1922 corporum
697 1873 822 1910 solam
846 1872 1025 1922 ampliat.
1079 1872 1153 1909 hac
1177 1872 1227 1909 de
1249 1885 1367 1909 causa

254 1984 265 2003 ¹
290 1984 424 2019 habere,
442 1984 566 2015 (locent
586 1988 620 2016 et
641 1984 817 2026 drepaniu,
839 1994 943 2025 quare
963 1995 1005 2015 ex
1034 1984 1086 2015 his
1106 1984 1247 2016 Mueller
1267 1984 1367 2022 (codd.

205 2026 475 2067 corruptissima).

195 2103 265 2140 594
