1482 2312
398 159 563 198 PLINY
578 174 586 197 :
637 160 673 197 N
676 160 899 198 ATURAL
937 159 1172 198 HISTORY

201 264 411 302 vitalitatis
448 266 593 314 portio,
631 266 796 301 emissus
833 265 1017 314 spiritum
1053 276 1189 301 secum
1224 263 1372 308 trahit3

199 332 355 363 tactum
403 332 542 363 tamen
592 339 671 363 non
726 328 862 363 sentit.
929 325 1159 362 animalium
1208 325 1372 363 fortiora

201 389 344 438 quibus
372 390 538 425 crassior
562 389 737 438 sanguis,
763 389 1006 437 sapientiora
1033 388 1174 437 quibus
1201 389 1372 431 tenuior,

116 455 181 485 222
200 450 399 487 timidiora
438 450 579 500 quibus
617 451 802 486 minimus
846 455 917 487 aut
959 448 1101 486 nullus.
1167 455 1371 486 taurorum

199 512 405 548 celerrime
427 514 507 548 coit
529 517 653 561 atque
675 510 992 548 durescit—ideo
1014 509 1182 560 pestifer
1208 516 1373 560 potu——‚

199 576 379 623 proxime
395 573 410 596 1
439 587 638 623 aprorum,
663 573 733 610 at²
757 586 963 610 cervorum
988 585 1304 622 caprearumque
1330 579 1372 610 et

199 635 436 672 bubalorum
477 637 637 672 omnino
653 634 670 657 ³
713 648 791 671 non
833 637 1036 684 spissatur.
1091 636 1371 685 pinguissimus

200 698 332 741 asinis,
353 696 502 733 homini
524 699 791 733 tenuissimus.
846 698 891 732 iis
914 696 1056 746 quibus
1078 695 1166 745 plus
1188 698 1372 746 quaterni

199 758 322 808 pedes
375 758 519 795 nullus.
574 759 702 795 obesis
756 760 884 794 minus
936 760 1132 808 copiosus,
1184 759 1373 807 quoniam

115 825 179 857 223
199 821 421 857 absumitur
436 823 586 870 pingui.
641 819 878 870 profluvium
895 822 977 856 eius
998 821 1065 856 uni
1083 819 1127 856 fit
1143 821 1183 855 in
1198 819 1373 856 maribus

200 881 363 926 homini,
381 882 466 919 aliis
485 895 581 918 nare
601 881 810 925 alterutra,
829 881 914 918 aliis
933 887 1119 931 utraque,
1138 880 1376 931 quibusdam

200 957 271 994 per
292 943 461 987 inferna,
482 943 617 981 multis
639 957 711 993 per
732 957 814 987 ora,
835 949 942 980 stato
963 949 1160 992 tempore,
1182 949 1227 980 ut
1249 956 1376 992 nuper

202 1006 403 1043 Marcrino
442 1006 558 1043 Visco
597 1009 798 1056 praetorio
838 1008 919 1042 viro
960 1011 1002 1042 et
1041 1005 1223 1042 omnibus
1262 1007 1375 1042 annis

200 1068 360 1105 Volusio
402 1068 616 1105 Saturnino
658 1068 765 1104 urbis
807 1066 1026 1117 praefecto,
1065 1069 1131 1117 qui
1174 1080 1376 1117 nonagen-

199 1133 343 1168 simum
363 1133 486 1167 etiam
507 1133 677 1167 excessit
698 1143 858 1167 annum.
913 1129 1040 1166 solum
1059 1128 1132 1166 hoc
1152 1131 1192 1165 in
1211 1142 1374 1179 corpore

199 1195 488 1242 temporarium
515 1195 639 1229 sentit
665 1195 971 1235 incrementum,
998 1191 1195 1241 siquidem
1220 1190 1376 1228 hostiae

199 1255 534 1292 abundantiorem
553 1254 727 1292 fundunt
746 1257 776 1291 si
796 1257 904 1304 prius
923 1254 1073 1290 bibere.

115 1321 179 1353 224
248 1317 353 1353 XCI.
384 1317 498 1363 Quae
536 1317 769 1353 animalium
805 1316 934 1353 latere
971 1318 1091 1353 certis
1128 1315 1376 1365 temporibus

199 1379 370 1416 diximus
391 1392 469 1416 non
488 1378 640 1416 habent
659 1385 755 1415 tunc
775 1381 1011 1429 sanguinem
1030 1383 1192 1427 praeter
1212 1380 1376 1428 exiguas

200 1441 414 1479 admodum
445 1444 549 1478 circa
579 1441 699 1478 corda
729 1447 881 1491 guttas,
912 1443 1011 1477 miro
1042 1453 1162 1489 opere
1193 1445 1377 1483 naturae,

199 1506 301 1540 sicut
317 1506 357 1539 in
372 1503 533 1540 homine
550 1506 628 1540 vim
646 1505 729 1540 eius
747 1503 798 1539 ad
813 1505 977 1540 minima
993 1507 1200 1539 momenta
1215 1504 1377 1545 mutari,

200 1578 278 1602 non
305 1564 473 1602 somno4
499 1570 661 1602 tantum
688 1567 839 1602 minore
873 1566 1043 1601 materia
1073 1563 1206 1601 suffusi
1238 1577 1376 1601 verum

199 1627 250 1664 ad
269 1627 443 1677 singulos
463 1630 583 1663 animi
602 1626 777 1670 habitus,
797 1626 962 1676 pudore,
980 1628 1052 1670 ira,
1071 1632 1198 1669 metu,
1216 1624 1377 1675 palloris

198 1688 376 1738 pluribus
404 1689 544 1733 modis,
571 1691 670 1726 item
697 1689 872 1726 ruboris:
913 1687 1012 1725 alius
1040 1690 1146 1725 enim
1172 1689 1255 1724 irae
1283 1693 1344 1725 est
1361 1686 1376 1710 ⁵

114 1755 178 1787 225
197 1750 295 1788 alius
326 1751 603 1788 verecundiae.
658 1764 750 1787 nam
788 1753 827 1786 in
858 1756 969 1787 metu
1001 1749 1185 1799 refugere
1215 1755 1258 1786 et
1286 1762 1377 1786 nus·

285 1837 297 1855 ¹
322 1837 372 1867 vul.
391 1837 548 1867 maxime.
802 1835 814 1853 ²
839 1835 1013 1875 Mayhoff:
1038 1845 1087 1866 ac.

282 1878 295 1897 ³
318 1879 493 1919 Maylwff:
519 1880 682 1910 omnium.
800 1880 812 1898 ‘³
837 1878 993 1918 Mapshoff
1004 1888 1043 1909 ez
1059 1877 1141 1909 An:
1167 1877 1277 1908 modo.

568 1923 580 1941 ⁵
605 1922 768 1962 Detlefsen
783 1934 791 1954 ι
815 1928 850 1952 et
866 1926 922 1953 aut
938 1932 1001 1952 om.

614 2030 629 2045 ⁶
651 2025 736 2057 V111
758 2027 829 2063 122,
849 2025 899 2056 IX
918 2027 970 2057 87.

197 2101 265 2139 572
