<?xml version="1.0" encoding="UTF-8"?>
<!DOCTYPE html PUBLIC "-//W3C//DTD XHTML 1.0 Transitional//EN"
    "http://www.w3.org/TR/xhtml1/DTD/xhtml1-transitional.dtd">
<html xmlns="http://www.w3.org/1999/xhtml" xml:lang="en" lang="en">
 <head>
  <title>
</title>
<meta http-equiv="Content-Type" content="text/html;charset=utf-8" />
  <meta name='ocr-system' content='tesseract 3.04.00' />
  <meta name='ocr-capabilities' content='ocr_page ocr_carea ocr_par ocr_line ocrx_word'/>
</head>
<body>
  <div class='ocr_page' id='page_1' title='image "./naturalhistory03plinuoft/naturalhistory03plinuoft_0268.png"; bbox 0 0 1482 2312; ppageno 0'>
   <div class='ocr_carea' id='block_1_1' title="bbox 440 134 1210 175">
    <p class='ocr_par' dir='ltr' id='par_1_1' title="bbox 440 134 1210 175">
     <span class='ocr_line' id='line_1_1' title="bbox 440 134 1210 175; baseline -0.001 -2"><span class='ocrx_word' id='word_1_1' title='bbox 440 136 606 175; x_wconf 92' lang='lat' dir='ltr'>PLINY</span> <span class='ocrx_word' id='word_1_2' title='bbox 620 150 629 174; x_wconf 91' lang='lat'>:</span> <span class='ocrx_word' id='word_1_3' title='bbox 678 135 941 173; x_wconf 88' lang='lat' dir='ltr'><strong>NATURAL</strong></span> <span class='ocrx_word' id='word_1_4' title='bbox 975 134 1210 173; x_wconf 85' lang='lat' dir='ltr'>HISTORY</span> 
     </span>
    </p>
   </div>
   <div class='ocr_carea' id='block_1_2' title="bbox 160 247 1417 1774">
    <p class='ocr_par' dir='ltr' id='par_1_2' title="bbox 161 247 1414 799">
     <span class='ocr_line' id='line_1_2' title="bbox 161 247 1411 298; baseline -0.002 -11"><span class='ocrx_word' id='word_1_5' title='bbox 161 255 221 287; x_wconf 85' lang='lat'><strong>132</strong></span> <span class='ocrx_word' id='word_1_6' title='bbox 245 249 284 287; x_wconf 90' lang='lat' dir='ltr'><strong>id</strong></span> <span class='ocrx_word' id='word_1_7' title='bbox 314 255 373 286; x_wconf 92' lang='lat' dir='ltr'><strong>est</strong></span> <span class='ocrx_word' id='word_1_8' title='bbox 404 251 509 285; x_wconf 87' lang='lat' dir='ltr'><strong>vario</strong></span> <span class='ocrx_word' id='word_1_9' title='bbox 537 247 608 285; x_wconf 90' lang='lat' dir='ltr'><strong>soli</strong></span> <span class='ocrx_word' id='word_1_10' title='bbox 635 260 784 298; x_wconf 82' lang='lat' dir='ltr'><strong>genere</strong></span> <span class='ocrx_word' id='word_1_11' title='bbox 811 253 984 296; x_wconf 90' lang='lat' dir='ltr'><strong>pastum.</strong></span> <span class='ocrx_word' id='word_1_12' title='bbox 1037 249 1248 295; x_wconf 89' lang='lat' dir='ltr'><strong>capiuntur</strong></span> <span class='ocrx_word' id='word_1_13' title='bbox 1276 251 1411 284; x_wconf 91' lang='lat' dir='ltr'><strong>autem</strong></span> 
     </span>
     <span class='ocr_line' id='line_1_3' title="bbox 242 310 1413 364; baseline -0.004 -13"><span class='ocrx_word' id='word_1_14' title='bbox 242 326 441 364; x_wconf 78' lang='lat' dir='ltr'><strong>purpurae</strong></span> <span class='ocrx_word' id='word_1_15' title='bbox 478 311 650 361; x_wconf 87' lang='lat' dir='ltr'><strong>parvulis</strong></span> <span class='ocrx_word' id='word_1_16' title='bbox 686 314 863 361; x_wconf 86' lang='lat' dir='ltr'><strong>rarisque</strong></span> <span class='ocrx_word' id='word_1_17' title='bbox 899 316 1018 347; x_wconf 90' lang='lat' dir='ltr'><strong>textu</strong></span> <span class='ocrx_word' id='word_1_18' title='bbox 1054 310 1177 347; x_wconf 87' lang='lat' dir='ltr'><strong>veluti</strong></span> <span class='ocrx_word' id='word_1_19' title='bbox 1214 313 1337 348; x_wconf 85' lang='lat' dir='ltr'>nassis</span> <span class='ocrx_word' id='word_1_20' title='bbox 1373 313 1413 347; x_wconf 93' lang='lat' dir='ltr'><strong>in</strong></span> 
     </span>
     <span class='ocr_line' id='line_1_4' title="bbox 242 374 1413 425; baseline -0.002 -11"><span class='ocrx_word' id='word_1_21' title='bbox 242 378 324 415; x_wconf 86' lang='lat' dir='ltr'><strong>alto</strong></span> <span class='ocrx_word' id='word_1_22' title='bbox 364 379 489 413; x_wconf 87' lang='lat' dir='ltr'><strong>iactis.</strong></span> <span class='ocrx_word' id='word_1_23' title='bbox 544 378 649 412; x_wconf 90' lang='lat' dir='ltr'><strong>inest</strong></span> <span class='ocrx_word' id='word_1_24' title='bbox 689 374 748 412; x_wconf 92' lang='lat' dir='ltr'><strong>his</strong></span> <span class='ocrx_word' id='word_1_25' title='bbox 790 388 893 418; x_wconf 88' lang='lat' dir='ltr'><strong>esca,</strong></span> <span class='ocrx_word' id='word_1_26' title='bbox 933 374 1088 412; x_wconf 88' lang='lat' dir='ltr'>clusiles</span> <span class='ocrx_word' id='word_1_27' title='bbox 1128 374 1413 425; x_wconf 84' lang='lat' dir='ltr'><strong>mordacesque</strong></span> 
     </span>
     <span class='ocr_line' id='line_1_5' title="bbox 240 437 1414 484; baseline -0.003 -5"><span class='ocrx_word' id='word_1_28' title='bbox 240 441 429 484; x_wconf 77' lang='lat' dir='ltr'><strong>conchae,</strong></span> <span class='ocrx_word' id='word_1_29' title='bbox 458 453 532 477; x_wconf 89' lang='lat' dir='ltr'><strong>ceu</strong></span> <span class='ocrx_word' id='word_1_30' title='bbox 563 439 722 476; x_wconf 89' lang='lat' dir='ltr'><strong>mitulos</strong></span> <span class='ocrx_word' id='word_1_31' title='bbox 752 438 942 476; x_wconf 85' lang='lat' dir='ltr'><strong>videmus.</strong></span> <span class='ocrx_word' id='word_1_32' title='bbox 997 437 1068 475; x_wconf 87' lang='lat' dir='ltr'><strong>has</strong></span> <span class='ocrx_word' id='word_1_33' title='bbox 1097 441 1314 476; x_wconf 86' lang='lat' dir='ltr'><strong>semineces</strong></span> <span class='ocrx_word' id='word_1_34' title='bbox 1343 438 1414 476; x_wconf 92' lang='lat' dir='ltr'><strong>sed</strong></span> 
     </span>
     <span class='ocr_line' id='line_1_6' title="bbox 243 502 1413 552; baseline -0.003 -9"><span class='ocrx_word' id='word_1_35' title='bbox 243 506 419 543; x_wconf 87' lang='lat' dir='ltr'><strong>redditas</strong></span> <span class='ocrx_word' id='word_1_36' title='bbox 458 507 555 541; x_wconf 89' lang='lat' dir='ltr'><strong>mari</strong></span> <span class='ocrx_word' id='word_1_37' title='bbox 595 503 709 540; x_wconf 86' lang='lat' dir='ltr'><strong>avido</strong></span> <span class='ocrx_word' id='word_1_38' title='bbox 748 502 861 539; x_wconf 91' lang='lat' dir='ltr'><strong>hiatu</strong></span> <span class='ocrx_word' id='word_1_39' title='bbox 899 505 1178 540; x_wconf 86' lang='lat' dir='ltr'><strong>reviviscentes</strong></span> <span class='ocrx_word' id='word_1_40' title='bbox 1216 509 1413 552; x_wconf 86' lang='lat' dir='ltr'><strong>appetunt</strong></span> 
     </span>
     <span class='ocr_line' id='line_1_7' title="bbox 242 566 1414 620; baseline -0.002 -14"><span class='ocrx_word' id='word_1_41' title='bbox 242 582 442 620; x_wconf 84' lang='lat' dir='ltr'><strong>purpurae</strong></span> <span class='ocrx_word' id='word_1_42' title='bbox 484 570 755 618; x_wconf 79' lang='lat' dir='ltr'><strong>porrectisque</strong></span> <span class='ocrx_word' id='word_1_43' title='bbox 796 567 940 616; x_wconf 90' lang='lat' dir='ltr'><strong>linguis</strong></span> <span class='ocrx_word' id='word_1_44' title='bbox 982 566 1187 604; x_wconf 77' lang='lat' dir='ltr'><strong>infestant.</strong></span> <span class='ocrx_word' id='word_1_45' title='bbox 1241 573 1283 604; x_wconf 83' lang='lat' dir='ltr'><strong>at</strong></span> <span class='ocrx_word' id='word_1_46' title='bbox 1321 566 1414 604; x_wconf 87' lang='lat' dir='ltr'><strong>illae</strong></span> 
     </span>
     <span class='ocr_line' id='line_1_8' title="bbox 243 631 1414 681; baseline -0.001 -11"><span class='ocrx_word' id='word_1_47' title='bbox 243 634 380 670; x_wconf 89' lang='lat' dir='ltr'><strong>aculeo</strong></span> <span class='ocrx_word' id='word_1_48' title='bbox 418 632 681 669; x_wconf 78' lang='lat' dir='ltr'><strong>extimulatae</strong></span> <span class='ocrx_word' id='word_1_49' title='bbox 716 631 909 668; x_wconf 88' lang='lat' dir='ltr'><strong>claudunt</strong></span> <span class='ocrx_word' id='word_1_50' title='bbox 946 644 1032 667; x_wconf 89' lang='lat' dir='ltr'><strong>sese</strong></span> <span class='ocrx_word' id='word_1_51' title='bbox 1068 633 1414 681; x_wconf 87' lang='lat' dir='ltr'><strong>comprimuntque</strong></span> 
     </span>
     <span class='ocr_line' id='line_1_9' title="bbox 243 695 1414 745; baseline -0.001 -11"><span class='ocrx_word' id='word_1_52' title='bbox 243 697 479 734; x_wconf 78' lang='lat' dir='ltr'><strong>mordentia.</strong></span> <span class='ocrx_word' id='word_1_53' title='bbox 535 699 586 733; x_wconf 88' lang='lat' dir='ltr'><strong>its</strong></span> <span class='ocrx_word' id='word_1_54' title='bbox 622 695 845 745; x_wconf 84' lang='lat' dir='ltr'><strong>pendentes</strong></span> <span class='ocrx_word' id='word_1_55' title='bbox 882 695 1075 732; x_wconf 87' lang='lat' dir='ltr'><strong>aviditate</strong></span> <span class='ocrx_word' id='word_1_56' title='bbox 1110 708 1181 732; x_wconf 86' lang='lat' dir='ltr'><strong>sua</strong></span> <span class='ocrx_word' id='word_1_57' title='bbox 1216 708 1414 745; x_wconf 85' lang='lat' dir='ltr'><strong>purpurae</strong></span> 
     </span>
     <span class='ocr_line' id='line_1_10' title="bbox 241 762 447 799; baseline -0.01 0"><span class='ocrx_word' id='word_1_58' title='bbox 241 762 447 799; x_wconf 89' lang='lat' dir='ltr'><strong>tolluntur.</strong></span> 
     </span>
    </p>

    <p class='ocr_par' dir='ltr' id='par_1_3' title="bbox 160 825 1417 1709">
     <span class='ocr_line' id='line_1_11' title="bbox 160 825 1416 874; baseline -0.002 -11"><span class='ocrx_word' id='word_1_59' title='bbox 160 832 221 863; x_wconf 88' lang='lat'><strong>133</strong></span> <span class='ocrx_word' id='word_1_60' title='bbox 297 825 425 862; x_wconf 89' lang='lat' dir='ltr'>LXII.</span> <span class='ocrx_word' id='word_1_61' title='bbox 455 825 552 874; x_wconf 86' lang='lat' dir='ltr'><strong>Capi</strong></span> <span class='ocrx_word' id='word_1_62' title='bbox 574 837 640 861; x_wconf 88' lang='lat' dir='ltr'><strong>eas</strong></span> <span class='ocrx_word' id='word_1_63' title='bbox 660 829 750 873; x_wconf 88' lang='lat' dir='ltr'><strong>post</strong></span> <span class='ocrx_word' id='word_1_64' title='bbox 769 826 877 860; x_wconf 92' lang='lat' dir='ltr'><strong>canis</strong></span> <span class='ocrx_word' id='word_1_65' title='bbox 896 829 1029 860; x_wconf 89' lang='lat' dir='ltr'><strong>ortum</strong></span> <span class='ocrx_word' id='word_1_66' title='bbox 1048 829 1118 860; x_wconf 86' lang='lat' dir='ltr'><strong>aut</strong></span> <span class='ocrx_word' id='word_1_67' title='bbox 1137 829 1232 861; x_wconf 86' lang='lat' dir='ltr'><strong>ante</strong></span> <span class='ocrx_word' id='word_1_68' title='bbox 1251 837 1416 861; x_wconf 89' lang='lat' dir='ltr'><strong>vernum</strong></span> 
     </span>
     <span class='ocr_line' id='line_1_12' title="bbox 243 888 1416 939; baseline 0 -12"><span class='ocrx_word' id='word_1_69' title='bbox 243 896 402 939; x_wconf 89' lang='lat' dir='ltr'><strong>tempus</strong></span> <span class='ocrx_word' id='word_1_70' title='bbox 416 889 683 932; x_wconf 82' lang='lat' dir='ltr'><strong>utilissimum,</strong></span> <span class='ocrx_word' id='word_1_71' title='bbox 697 890 898 937; x_wconf 87' lang='lat' dir='ltr'><strong>quoniam,</strong></span> <span class='ocrx_word' id='word_1_72' title='bbox 910 901 1001 924; x_wconf 92' lang='lat' dir='ltr'><strong>cum</strong></span> <span class='ocrx_word' id='word_1_73' title='bbox 1013 888 1277 933; x_wconf 88' lang='lat' dir='ltr'><strong>cerificavere,</strong></span> <span class='ocrx_word' id='word_1_74' title='bbox 1291 889 1416 927; x_wconf 85' lang='lat' dir='ltr'><strong>fluxos</strong></span> 
     </span>
     <span class='ocr_line' id='line_1_13' title="bbox 242 952 1416 1003; baseline 0.001 -13"><span class='ocrx_word' id='word_1_75' title='bbox 242 953 393 991; x_wconf 87' lang='lat' dir='ltr'><strong>habent</strong></span> <span class='ocrx_word' id='word_1_76' title='bbox 412 966 536 990; x_wconf 88' lang='lat' dir='ltr'><strong>sucos.</strong></span> <span class='ocrx_word' id='word_1_77' title='bbox 591 952 662 989; x_wconf 91' lang='lat' dir='ltr'><strong>sed</strong></span> <span class='ocrx_word' id='word_1_78' title='bbox 679 952 720 989; x_wconf 84' lang='lat' dir='ltr'><strong>id</strong></span> <span class='ocrx_word' id='word_1_79' title='bbox 736 955 1008 1002; x_wconf 89' lang='lat' dir='ltr'><strong>tinguentium</strong></span> <span class='ocrx_word' id='word_1_80' title='bbox 1025 952 1202 989; x_wconf 89' lang='lat' dir='ltr'><strong>officinae</strong></span> <span class='ocrx_word' id='word_1_81' title='bbox 1219 955 1416 1003; x_wconf 86' lang='lat' dir='ltr'><strong>ignorant,</strong></span> 
     </span>
     <span class='ocr_line' id='line_1_14' title="bbox 243 1019 1417 1066; baseline 0 -11"><span class='ocrx_word' id='word_1_82' title='bbox 243 1032 333 1056; x_wconf 91' lang='lat' dir='ltr'><strong>cum</strong></span> <span class='ocrx_word' id='word_1_83' title='bbox 362 1030 516 1055; x_wconf 86' lang='lat' dir='ltr'><strong>summa</strong></span> <span class='ocrx_word' id='word_1_84' title='bbox 543 1022 724 1054; x_wconf 86' lang='lat' dir='ltr'><strong>vertatur</strong></span> <span class='ocrx_word' id='word_1_85' title='bbox 751 1019 791 1052; x_wconf 90' lang='lat' dir='ltr'><strong>in</strong></span> <span class='ocrx_word' id='word_1_86' title='bbox 819 1029 878 1053; x_wconf 92' lang='lat' dir='ltr'><strong>eo.</strong></span> <span class='ocrx_word' id='word_1_87' title='bbox 934 1019 1123 1053; x_wconf 81' lang='lat' dir='ltr'><strong>eximitur</strong></span> <span class='ocrx_word' id='word_1_88' title='bbox 1148 1023 1290 1066; x_wconf 88' lang='lat' dir='ltr'><strong>postea</strong></span> <span class='ocrx_word' id='word_1_89' title='bbox 1316 1031 1417 1055; x_wconf 91' lang='lat' dir='ltr'><strong>vena</strong></span> 
     </span>
     <span class='ocr_line' id='line_1_15' title="bbox 245 1080 1416 1133; baseline 0.001 -14"><span class='ocrx_word' id='word_1_90' title='bbox 245 1096 365 1133; x_wconf 89' lang='lat' dir='ltr'><strong>quam</strong></span> <span class='ocrx_word' id='word_1_91' title='bbox 383 1082 570 1125; x_wconf 85' lang='lat' dir='ltr'><strong>diximus,</strong></span> <span class='ocrx_word' id='word_1_92' title='bbox 588 1083 649 1118; x_wconf 91' lang='lat' dir='ltr'><strong>cui</strong></span> <span class='ocrx_word' id='word_1_93' title='bbox 669 1080 761 1118; x_wconf 85' lang='lat' dir='ltr'><strong>addi</strong></span> <span class='ocrx_word' id='word_1_94' title='bbox 781 1080 906 1117; x_wconf 86' lang='lat' dir='ltr'><strong>salem</strong></span> <span class='ocrx_word' id='word_1_95' title='bbox 925 1083 1205 1125; x_wconf 86' lang='lat' dir='ltr'><strong>necessarium,</strong></span> <span class='ocrx_word' id='word_1_96' title='bbox 1223 1085 1416 1120; x_wconf 83' lang='lat' dir='ltr'><strong>sextarios</strong></span> 
     </span>
     <span class='ocr_line' id='line_1_16' title="bbox 244 1144 1416 1191; baseline 0.001 -8"><span class='ocrx_word' id='word_1_97' title='bbox 244 1146 370 1184; x_wconf 87' lang='lat' dir='ltr'><strong>ferme</strong></span> <span class='ocrx_word' id='word_1_98' title='bbox 399 1152 590 1183; x_wconf 88' lang='lat' dir='ltr'><strong>centenas</strong></span> <span class='ocrx_word' id='word_1_99' title='bbox 620 1148 659 1181; x_wconf 90' lang='lat' dir='ltr'><strong>in</strong></span> <span class='ocrx_word' id='word_1_100' title='bbox 688 1144 830 1188; x_wconf 88' lang='lat' dir='ltr'><strong>libras;</strong></span> <span class='ocrx_word' id='word_1_101' title='bbox 873 1147 1065 1181; x_wconf 88' lang='lat' dir='ltr'><strong>macerari</strong></span> <span class='ocrx_word' id='word_1_102' title='bbox 1093 1145 1226 1182; x_wconf 85' lang='lat' dir='ltr'><strong>trlduo</strong></span> <span class='ocrx_word' id='word_1_103' title='bbox 1254 1148 1416 1191; x_wconf 80' lang='lat' dir='ltr'><strong>iustum,</strong></span> 
     </span>
     <span class='ocr_line' id='line_1_17' title="bbox 246 1209 1416 1261; baseline 0 -14"><span class='ocrx_word' id='word_1_104' title='bbox 246 1214 392 1261; x_wconf 88' lang='lat' dir='ltr'><strong>quippe</strong></span> <span class='ocrx_word' id='word_1_105' title='bbox 417 1215 533 1247; x_wconf 88' lang='lat' dir='ltr'><strong>tanto</strong></span> <span class='ocrx_word' id='word_1_106' title='bbox 558 1212 683 1245; x_wconf 88' lang='lat' dir='ltr'><strong>maior</strong></span> <span class='ocrx_word' id='word_1_107' title='bbox 706 1212 763 1245; x_wconf 89' lang='lat' dir='ltr'><strong>vis</strong></span> <span class='ocrx_word' id='word_1_108' title='bbox 789 1214 939 1259; x_wconf 87' lang='lat' dir='ltr'><strong>quanto</strong></span> <span class='ocrx_word' id='word_1_109' title='bbox 964 1212 1174 1253; x_wconf 83' lang='lat' dir='ltr'><strong>recentior,</strong></span> <span class='ocrx_word' id='word_1_110' title='bbox 1199 1209 1352 1248; x_wconf 87' lang='lat' dir='ltr'><strong>fervere</strong></span> <span class='ocrx_word' id='word_1_111' title='bbox 1376 1214 1416 1247; x_wconf 91' lang='lat' dir='ltr'><strong>in</strong></span> 
     </span>
     <span class='ocr_line' id='line_1_18' title="bbox 246 1272 1416 1325; baseline 0 -14"><span class='ocrx_word' id='word_1_112' title='bbox 246 1275 423 1325; x_wconf 89' lang='lat' dir='ltr'><strong>plumbo,</strong></span> <span class='ocrx_word' id='word_1_113' title='bbox 461 1273 717 1323; x_wconf 85' lang='lat' dir='ltr'><strong>singulasque</strong></span> <span class='ocrx_word' id='word_1_114' title='bbox 755 1272 966 1322; x_wconf 89' lang='lat' dir='ltr'><strong>amphoras</strong></span> <span class='ocrx_word' id='word_1_115' title='bbox 1010 1273 1180 1323; x_wconf 87' lang='lat' dir='ltr'><strong>aquae,¹</strong></span> <span class='ocrx_word' id='word_1_116' title='bbox 1225 1277 1416 1325; x_wconf 78' lang='lat' dir='ltr'><strong>quingua-</strong></span> 
     </span>
     <span class='ocr_line' id='line_1_19' title="bbox 245 1335 1416 1390; baseline 0.003 -16"><span class='ocrx_word' id='word_1_117' title='bbox 245 1338 392 1390; x_wconf 79' lang='lat' dir='ltr'><strong>genas2</strong></span> <span class='ocrx_word' id='word_1_118' title='bbox 408 1338 680 1375; x_wconf 88' lang='lat' dir='ltr'><strong>medicaminis</strong></span> <span class='ocrx_word' id='word_1_119' title='bbox 701 1337 818 1374; x_wconf 91' lang='lat' dir='ltr'><strong>libras</strong></span> <span class='ocrx_word' id='word_1_120' title='bbox 836 1335 1016 1387; x_wconf 79' lang='lat' dir='ltr'><strong>aequali³</strong></span> <span class='ocrx_word' id='word_1_121' title='bbox 1037 1350 1082 1374; x_wconf 91' lang='lat' dir='ltr'><strong>ac</strong></span> <span class='ocrx_word' id='word_1_122' title='bbox 1102 1337 1256 1374; x_wconf 91' lang='lat' dir='ltr'><strong>modico</strong></span> <span class='ocrx_word' id='word_1_123' title='bbox 1272 1352 1416 1388; x_wconf 90' lang='lat' dir='ltr'><strong>vapore</strong></span> 
     </span>
     <span class='ocr_line' id='line_1_20' title="bbox 243 1400 1416 1451; baseline 0.001 -12"><span class='ocrx_word' id='word_1_124' title='bbox 243 1405 383 1440; x_wconf 87' lang='lat' dir='ltr'><strong>torreri</strong></span> <span class='ocrx_word' id='word_1_125' title='bbox 413 1402 585 1439; x_wconf 88' lang='lat' dir='ltr'><strong>adducto</strong></span> <span class='ocrx_word' id='word_1_126' title='bbox 604 1400 620 1424; x_wconf 79' lang='lat'><strong>⁴¹</strong></span> <span class='ocrx_word' id='word_1_127' title='bbox 648 1401 889 1451; x_wconf 86' lang='lat' dir='ltr'><strong>longinquae</strong></span> <span class='ocrx_word' id='word_1_128' title='bbox 918 1400 1086 1438; x_wconf 89' lang='lat' dir='ltr'><strong>fornacis</strong></span> <span class='ocrx_word' id='word_1_129' title='bbox 1114 1402 1306 1440; x_wconf 90' lang='lat' dir='ltr'><strong>cuniculo.</strong></span> <span class='ocrx_word' id='word_1_130' title='bbox 1360 1406 1416 1440; x_wconf 87' lang='lat' dir='ltr'><strong>ita</strong></span> 
     </span>
     <span class='ocr_line' id='line_1_21' title="bbox 246 1465 1416 1516; baseline 0 -12"><span class='ocrx_word' id='word_1_131' title='bbox 246 1467 492 1516; x_wconf 81' lang='lat' dir='ltr'><strong>despumatis</strong></span> <span class='ocrx_word' id='word_1_132' title='bbox 520 1465 688 1503; x_wconf 90' lang='lat' dir='ltr'><strong>subinde</strong></span> <span class='ocrx_word' id='word_1_133' title='bbox 715 1465 898 1502; x_wconf 88' lang='lat' dir='ltr'><strong>carnibus</strong></span> <span class='ocrx_word' id='word_1_134' title='bbox 928 1478 1025 1515; x_wconf 87' lang='lat' dir='ltr'><strong>quas</strong></span> <span class='ocrx_word' id='word_1_135' title='bbox 1053 1465 1279 1504; x_wconf 85' lang='lat' dir='ltr'><strong>adhaesisse</strong></span> <span class='ocrx_word' id='word_1_136' title='bbox 1308 1470 1416 1504; x_wconf 89' lang='lat' dir='ltr'><strong>venis</strong></span> 
     </span>
     <span class='ocr_line' id='line_1_22' title="bbox 247 1529 1415 1579; baseline 0 -11"><span class='ocrx_word' id='word_1_137' title='bbox 247 1544 407 1568; x_wconf 88' lang='lat' dir='ltr'><strong>necesse</strong></span> <span class='ocrx_word' id='word_1_138' title='bbox 432 1536 506 1574; x_wconf 83' lang='lat' dir='ltr'><strong>est,</strong></span> <span class='ocrx_word' id='word_1_139' title='bbox 530 1530 684 1567; x_wconf 90' lang='lat' dir='ltr'><strong>decimo</strong></span> <span class='ocrx_word' id='word_1_140' title='bbox 708 1529 832 1566; x_wconf 87' lang='lat' dir='ltr'><strong>ferme</strong></span> <span class='ocrx_word' id='word_1_141' title='bbox 856 1529 920 1566; x_wconf 89' lang='lat' dir='ltr'><strong>die</strong></span> <span class='ocrx_word' id='word_1_142' title='bbox 943 1529 1095 1579; x_wconf 86' lang='lat' dir='ltr'><strong>liquata</strong></span> <span class='ocrx_word' id='word_1_143' title='bbox 1117 1533 1270 1566; x_wconf 87' lang='lat' dir='ltr'><strong>cortina</strong></span> <span class='ocrx_word' id='word_1_144' title='bbox 1292 1531 1415 1569; x_wconf 81' lang='lat' dir='ltr'><strong>vellus</strong></span> 
     </span>
     <span class='ocr_line' id='line_1_23' title="bbox 248 1595 1415 1644; baseline 0 -12"><span class='ocrx_word' id='word_1_145' title='bbox 248 1595 479 1632; x_wconf 85' lang='lat' dir='ltr'><strong>elutriatum</strong></span> <span class='ocrx_word' id='word_1_146' title='bbox 520 1597 714 1644; x_wconf 81' lang='lat' dir='ltr'><strong>mergitur</strong></span> <span class='ocrx_word' id='word_1_147' title='bbox 753 1596 793 1629; x_wconf 92' lang='lat' dir='ltr'><strong>in</strong></span> <span class='ocrx_word' id='word_1_148' title='bbox 834 1596 1154 1643; x_wconf 83' lang='lat' dir='ltr'><strong>experimentum</strong></span> <span class='ocrx_word' id='word_1_149' title='bbox 1195 1600 1250 1639; x_wconf 81' lang='lat' dir='ltr'><strong>et,</strong></span> <span class='ocrx_word' id='word_1_150' title='bbox 1290 1595 1415 1633; x_wconf 89' lang='lat' dir='ltr'><strong>donec</strong></span> 
     </span>
     <span class='ocr_line' id='line_1_24' title="bbox 247 1657 1414 1709; baseline 0 -13"><span class='ocrx_word' id='word_1_151' title='bbox 247 1662 329 1709; x_wconf 90' lang='lat' dir='ltr'><strong>spei</strong></span> <span class='ocrx_word' id='word_1_152' title='bbox 351 1662 446 1696; x_wconf 86' lang='lat' dir='ltr'><strong>satis</strong></span> <span class='ocrx_word' id='word_1_153' title='bbox 474 1659 557 1703; x_wconf 86' lang='lat' dir='ltr'><strong>fiat,</strong></span> <span class='ocrx_word' id='word_1_154' title='bbox 583 1661 711 1695; x_wconf 86' lang='lat' dir='ltr'><strong>uritur</strong></span> <span class='ocrx_word' id='word_1_155' title='bbox 735 1657 873 1708; x_wconf 92' lang='lat' dir='ltr'><strong>liquor.</strong></span> <span class='ocrx_word' id='word_1_156' title='bbox 929 1658 1074 1694; x_wconf 91' lang='lat' dir='ltr'><strong>rubens</strong></span> <span class='ocrx_word' id='word_1_157' title='bbox 1099 1657 1205 1694; x_wconf 88' lang='lat' dir='ltr'><strong>color</strong></span> <span class='ocrx_word' id='word_1_158' title='bbox 1231 1661 1414 1708; x_wconf 87' lang='lat' dir='ltr'><strong>nigrante</strong></span> 
     </span>
    </p>

    <p class='ocr_par' dir='ltr' id='par_1_4' title="bbox 166 1720 1415 1774">
     <span class='ocr_line' id='line_1_25' title="bbox 166 1720 1415 1774; baseline 0.001 -15"><span class='ocrx_word' id='word_1_159' title='bbox 166 1729 226 1760; x_wconf 74' lang='lat'><strong>134</strong></span> <span class='ocrx_word' id='word_1_160' title='bbox 249 1723 434 1760; x_wconf 85' lang='lat' dir='ltr'><strong>deterior.</strong></span> <span class='ocrx_word' id='word_1_161' title='bbox 490 1725 618 1773; x_wconf 87' lang='lat' dir='ltr'><strong>quinis</strong></span> <span class='ocrx_word' id='word_1_162' title='bbox 634 1722 726 1758; x_wconf 90' lang='lat' dir='ltr'><strong>lana</strong></span> <span class='ocrx_word' id='word_1_163' title='bbox 741 1727 857 1771; x_wconf 88' lang='lat' dir='ltr'><strong>potat</strong></span> <span class='ocrx_word' id='word_1_164' title='bbox 873 1720 977 1758; x_wconf 89' lang='lat' dir='ltr'><strong>horis</strong></span> <span class='ocrx_word' id='word_1_165' title='bbox 995 1735 1205 1773; x_wconf 90' lang='lat' dir='ltr'><strong>rursusque</strong></span> <span class='ocrx_word' id='word_1_166' title='bbox 1223 1725 1415 1774; x_wconf 86' lang='lat' dir='ltr'><strong>mergitur</strong></span> 
     </span>
    </p>
   </div>
   <div class='ocr_carea' id='block_1_3' title="bbox 337 1849 1172 2017">
    <p class='ocr_par' dir='ltr' id='par_1_5' title="bbox 338 1849 1070 1889">
     <span class='ocr_line' id='line_1_26' title="bbox 338 1849 1070 1889; baseline -0.003 -9"><span class='ocrx_word' id='word_1_167' title='bbox 338 1850 349 1868; x_wconf 81' lang='lat'>¹</span> <span class='ocrx_word' id='word_1_168' title='bbox 373 1849 556 1889; x_wconf 71' lang='lat' dir='ltr'><strong>Deilefsen:</strong></span> <span class='ocrx_word' id='word_1_169' title='bbox 582 1849 765 1888; x_wconf 81' lang='lat' dir='ltr'><strong>amphoras</strong></span> <span class='ocrx_word' id='word_1_170' title='bbox 780 1851 940 1879; x_wconf 76' lang='lat' dir='ltr'><strong>centenas</strong></span> <span class='ocrx_word' id='word_1_171' title='bbox 956 1851 1070 1888; x_wconf 81' lang='lat' dir='ltr'><strong>atque.</strong></span> 
     </span>
    </p>

    <p class='ocr_par' dir='ltr' id='par_1_6' title="bbox 337 1892 915 1932">
     <span class='ocr_line' id='line_1_27' title="bbox 337 1892 915 1932; baseline -0.005 -8"><span class='ocrx_word' id='word_1_172' title='bbox 337 1893 349 1910; x_wconf 83' lang='lat'><strong>²</strong></span> <span class='ocrx_word' id='word_1_173' title='bbox 371 1893 440 1924; x_wconf 71' lang='lat' dir='ltr'><strong>edd.</strong></span> <span class='ocrx_word' id='word_1_174' title='bbox 459 1892 631 1923; x_wconf 73' lang='lat' dir='ltr'><strong>nonnulli:</strong></span> <span class='ocrx_word' id='word_1_175' title='bbox 662 1892 915 1932; x_wconf 76' lang='lat' dir='ltr'><strong>quingentenas.</strong></span> 
     </span>
    </p>

    <p class='ocr_par' dir='ltr' id='par_1_7' title="bbox 340 1934 642 1974">
     <span class='ocr_line' id='line_1_28' title="bbox 340 1934 642 1974; baseline -0.007 -8"><span class='ocrx_word' id='word_1_176' title='bbox 340 1934 352 1951; x_wconf 82' lang='lat'>³</span> <span class='ocrx_word' id='word_1_177' title='bbox 374 1936 467 1967; x_wconf 79' lang='lat' dir='ltr'><strong>Jan:</strong></span> <span class='ocrx_word' id='word_1_178' title='bbox 492 1934 642 1974; x_wconf 85' lang='lat' dir='ltr'><strong>aequari.</strong></span> 
     </span>
    </p>

    <p class='ocr_par' dir='ltr' id='par_1_8' title="bbox 347 1976 1172 2017">
     <span class='ocr_line' id='line_1_29' title="bbox 347 1976 1172 2017; baseline -0.001 -8"><span class='ocrx_word' id='word_1_179' title='bbox 347 1980 358 1997; x_wconf 80' lang='lat'>⁴</span> <span class='ocrx_word' id='word_1_180' title='bbox 381 1978 531 2009; x_wconf 77' lang='lat' dir='ltr'><strong>adducto</strong></span> <span class='ocrx_word' id='word_1_181' title='bbox 548 1981 604 2017; x_wconf 83' lang='lat' dir='ltr'><strong>(an</strong></span> <span class='ocrx_word' id='word_1_182' title='bbox 620 1987 661 2008; x_wconf 84' lang='lat' dir='ltr'><strong>ex</strong></span> <span class='ocrx_word' id='word_1_183' title='bbox 678 1986 782 2007; x_wconf 82' lang='lat' dir='ltr'><strong>aeneo</strong></span> <span class='ocrx_word' id='word_1_184' title='bbox 794 1978 822 2016; x_wconf 76' lang='lat'><strong>?)</strong></span> <span class='ocrx_word' id='word_1_185' title='bbox 839 1976 1010 2017; x_wconf 74' lang='lat' dir='ltr'><strong>Mayhosj&#39;:</strong></span> <span class='ocrx_word' id='word_1_186' title='bbox 1039 1980 1071 2008; x_wconf 77' lang='lat' dir='ltr'><strong>et</strong></span> <span class='ocrx_word' id='word_1_187' title='bbox 1086 1976 1172 2008; x_wconf 77' lang='lat' dir='ltr'><strong>ideo.</strong></span> 
     </span>
    </p>
   </div>
   <div class='ocr_carea' id='block_1_4' title="bbox 248 2052 313 2089">
    <p class='ocr_par' dir='ltr' id='par_1_9' title="bbox 248 2052 313 2089">
     <span class='ocr_line' id='line_1_30' title="bbox 248 2052 313 2089; baseline -0.015 -12"><span class='ocrx_word' id='word_1_188' title='bbox 248 2052 313 2089; x_wconf 85' lang='lat'><strong>252</strong></span> 
     </span>
    </p>
   </div>
  </div>
 </body>
</html>
