1482 2312
102 733 162 765 167

99 1348 160 1380 168

98 1717 158 1749 169

383 133 549 172 PLINY
562 147 571 172 t
621 135 882 173 NATURAL
919 135 1153 174 HISTORY

189 241 401 288 postquam
413 243 530 274 natus
544 243 605 275 est
618 240 787 288 septimo
800 250 948 275 mense.
995 238 1153 289 reliquis
1166 242 1345 290 perpetui

190 303 371 343 manent,
398 304 604 336 mutantur
636 298 798 343 homini,
826 298 943 343 leoni,
971 302 1163 345 iumento,
1191 304 1278 338 cani
1307 308 1347 339 et

188 361 490 405 ruminantibus,
531 361 601 398 sed
639 360 742 398 leoni
783 367 825 398 et
864 364 951 398 cam·
991 375 1069 398 non
1109 365 1181 399 nisi
1221 366 1347 400 canini

188 421 388 472 appellati.
441 421 521 472 lupi
548 421 688 459 dexter
712 425 873 459 caninus
898 425 938 459 in
962 425 1123 473 magicis
1139 423 1154 447 1
1179 423 1348 461 habetur

187 482 356 534 opibus.²
408 482 643 528 maxillares,
683 486 749 533 qui
799 489 891 520 sunt
934 497 957 520 a
995 487 1156 529 caninis,
1195 485 1343 522 nullum

187 544 332 581 animal
360 550 502 581 mutat.
556 544 703 581 homini
728 547 923 582 novissimi
944 548 1009 595 qui
1029 548 1189 596 genuini
1207 560 1345 584 vocan-

188 612 265 650 tur,
295 608 449 643 circiter
478 608 732 642 xicensimum
763 620 923 650 annum,
953 609 1182 657 gignuntur,
1212 608 1345 645 multis

188 673 229 704 et
243 669 523 718 octogensimo,
537 666 691 704 feminis
707 681 876 717 quoque,
891 668 960 705 sed
975 669 1114 718 quibus
1128 670 1168 705 in
1181 671 1342 706 iuventa

185 741 263 765 non
284 727 395 765 fuere
418 731 512 765 nati.
567 729 750 765 decidere
773 731 812 765 in
834 735 995 766 senecta
1018 735 1059 766 et
1081 743 1172 766 mox
1194 733 1344 767 renasci

185 796 338 827 eertum
363 795 434 827 est.
489 789 629 827 Zoclen
654 789 947 827 Samothracem
971 793 1032 827 cui
1057 794 1185 828 renati
1210 797 1342 829 essent

184 857 275 903 post
323 863 385 888 ειν
435 865 555 888 annos
598 851 805 888 Mucianus
849 854 972 888 visum
1012 866 1035 888 a
1074 865 1115 890 se
1154 853 1340 903 prodidit.

184 919 318 951 cetero
357 914 528 950 maribus
568 914 697 963 plures
739 927 857 964 quam
897 913 1051 951 feminis
1091 916 1131 950 in
1170 914 1341 959 homine,

184 975 351 1026 pecude,
372 988 502 1025 capra,
524 988 605 1012 sue.
659 975 886 1012 Timarchus
910 975 1074 1012 Nicoclis
1097 976 1196 1013 filius
1219 975 1342 1027 Paphi

185 1037 282 1074 duos
315 1037 470 1074 ordines
501 1036 641 1074 habuit
673 1036 956 1080 inaxillarium3
994 1037 1117 1074 frater
1151 1040 1232 1075 eius
1262 1051 1342 1075 non

184 1100 354 1135 mutavit
368 1100 570 1148 primores,
585 1099 752 1148 ideoque
768 1101 985 1148 praetrivit.
1041 1105 1102 1135 est
1118 1099 1343 1149 exemplum

185 1159 314 1196 dentis
335 1159 483 1196 homini
504 1165 546 1196 et
566 1162 606 1196 in
627 1159 759 1210 palato
781 1162 917 1210 geniti.
972 1173 995 1196 a
1015 1162 1161 1197 caninis
1176 1159 1192 1183 ³
1213 1163 1343 1198 amissi

184 1234 277 1258 casu
302 1220 430 1271 aliquo
456 1234 671 1272 numquam
697 1227 964 1258 renascuntur.
1018 1224 1159 1258 ceteris
1184 1227 1343 1259 senecta

185 1282 401 1327 rufescunt‚
425 1295 525 1333 equo
548 1288 706 1319 tantum
727 1283 969 1319 candidiores
992 1283 1102 1319 fiunt.

234 1344 374 1381 LXIV.
404 1346 527 1381 Aetas
581 1347 846 1382 veterinorum
898 1344 1083 1381 dentibus
1134 1344 1340 1382 indicatur.

186 1419 286 1455 equo
327 1412 418 1442 sunt
458 1419 620 1443 numero
659 1418 717 1442 xi„
758 1408 908 1443 amittit
944 1408 1169 1443 tricensimo
1207 1419 1342 1443 mense

183 1470 371 1518 primores
412 1470 609 1518 utrimque
648 1469 773 1512 binos,
812 1470 995 1518 sequenti
1034 1481 1135 1504 anno
1173 1467 1340 1505 totidem

183 1532 394 1579 proximos,
424 1542 513 1566 cum
544 1530 715 1566 subeunt
745 1529 840 1566 dicti
870 1528 1158 1572 columellares3
1203 1531 1340 1579 quinto

183 1603 284 1627 anno
306 1592 518 1641 incipiente
541 1593 690 1628 amittit
711 1591 836 1635 binos,
859 1593 925 1640 qui
948 1596 1061 1627 sexto
1084 1603 1185 1627 anno
1208 1603 1338 1627 renas-

182 1657 346 1695 cuntur3
385 1654 553 1702 septimo
577 1665 712 1689 omnes
736 1651 859 1689 habet
884 1658 924 1689 et
949 1657 1105 1689 renatos
1131 1657 1172 1688 et
1195 1653 1339 1689 inmut-

182 1712 303 1750 abilis.
358 1726 458 1763 equo
495 1719 666 1750 castrato
702 1715 809 1763 prius
845 1727 923 1750 non
959 1713 1147 1750 decidunt
1183 1713 1335 1750 dentes.

480 1792 491 1810 ¹
515 1791 676 1831 magicis?
694 1790 877 1830 Detlefsen:
903 1790 1043 1830 magnis.

477 1834 489 1852 ²
511 1833 656 1873 opibus?
675 1833 830 1873 Mayhoff
840 1844 847 1864 x
873 1833 1040 1873 operibus.

471 1876 484 1894 ²³
508 1880 545 1907 at.
561 1876 671 1906 canini
689 1876 734 1907 vel
749 1886 769 1906 a
784 1876 936 1916 genuinis
951 1875 1020 1907 edd.

409 1967 423 1981 ⁰
447 1962 501 1993 All
516 1962 610 1993 these
626 1966 827 1993 statements
843 1972 899 1993 are
915 1972 1102 1993 erroneous.

404 2004 417 2024 ⁶
440 2005 490 2044 Cf.
512 2004 668 2036 XXVIII
687 2005 759 2035 257.

180 2050 248 2096 536

1467 1628 1476 1822 ..ι-..-Ηῄῡ
1469 1585 1476 1609 ⁴-
