1482 2312
156 552 215 583 137

158 1000 218 1030 138

160 1321 220 1351 139

161 1769 223 1800 140

430 124 617 161 PLINY:
669 124 931 161 NATURAL
968 123 1202 162 HISTORY

236 228 380 277 aquila,
419 240 566 264 cornua
605 229 643 262 in
685 227 931 276 temporibus
971 232 1133 263 curvata
1173 226 1403 270 habentem,

236 291 449 341 ferruginei
486 290 638 334 coloris,
674 295 834 326 tantum
870 292 1001 339 capite
1038 289 1267 340 phoeniceo.
1333 303 1406 326 nec

236 358 384 392 sirenes
416 356 719 404 impetraverint
752 353 887 397 fidem,
921 353 1104 390 adfirmet
1144 353 1238 390 licet
1272 353 1404 390 Dinon

237 417 422 455 Clitarchi
447 418 638 455 celebrati
663 419 833 453 auctoris
856 423 972 467 pater
996 419 1035 452 in
1061 416 1175 453 India
1198 429 1284 454 esse
1309 416 1407 453 mul-

237 485 396 532 cerique
422 496 557 518 earum
581 487 701 518 cantu
726 494 824 531 quos
848 486 1033 531 gravatos
1058 493 1194 517 somno
1218 480 1406 517 lacerent.

240 549 305 597 qui
347 546 486 583 credat
537 548 627 589 ista,
669 551 711 581 et
756 544 1002 594 Melampodi
1044 543 1224 594 profecto
1266 547 1403 594 auguri

237 623 351 647 aures
365 610 379 633 1
400 609 611 646 lambendo
628 609 784 645 dedisse
805 608 1053 645 intellectum
1070 610 1201 644 avium
1217 610 1408 645 sermonis

238 674 428 710 dracones
461 687 539 710 non
571 673 735 716 abnuat,
769 672 831 709 vel
865 685 967 722 quae
1001 672 1254 708 Democritus
1286 671 1409 708 tradit

239 737 479 774 nominando
511 750 602 774 aves
634 750 802 786 quarum
832 735 994 772 confuso
1025 737 1217 785 sanguine
1248 748 1410 786 serpens

238 804 441 852 gignatur,
485 814 604 851 quem
649 802 825 850 quisquis
869 799 999 836 ederit
1042 799 1316 836 intellecturus
1359 801 1411 836 sit

239 866 378 902 alitum
399 865 606 915 colloquia,
629 877 812 914 quaeque
834 863 883 900 de
905 877 984 900 una
1004 876 1076 900 ave
1097 863 1265 913 galerita
1285 865 1410 913 priva-

239 932 312 966 tim
352 935 653 972 commemorat,
694 931 817 965 etiam
860 930 944 964 sine
985 927 1044 964 his
1085 929 1264 964 inmensa
1304 929 1410 964 vitae

241 994 410 1043 ambage
455 996 557 1030 circa
600 995 776 1043 auguria.
843 994 1097 1028 nominantur
1140 992 1190 1028 ab
1235 991 1410 1028 Homero

239 1072 390 1108 scopes,
411 1060 540 1094 avium
561 1070 709 1107 genus:
743 1069 874 1106 neque
894 1055 1035 1092 harum
1054 1058 1244 1106 satyricos
1264 1061 1411 1100 motus,

241 1136 330 1159 cum
368 1122 618 1166 insidientur,
655 1121 854 1171 plerisque
892 1125 1132 1157 memoratos
1170 1119 1284 1156 facile
1322 1133 1411 1156 con-

240 1189 414 1236 ceperim
448 1192 599 1230 mente,
633 1198 763 1235 neque
798 1187 907 1234 ipsae
941 1187 1020 1220 iam
1054 1197 1146 1220 aves
1181 1189 1408 1221 noscuntur.

242 1251 501 1301 quamobrem
525 1250 574 1287 de
599 1249 787 1286 confessis
811 1249 1042 1285 disseruisse
1066 1250 1326 1298 praestiterit.

299 1314 443 1351 LXXI.
474 1314 648 1351 Gallinas
684 1315 865 1363 saginare
903 1312 1055 1349 Deliaci
1091 1325 1272 1362 coepere,
1308 1312 1413 1349 unde

241 1381 364 1429 pestis
390 1384 531 1416 exorta
556 1381 707 1428 opimas
734 1390 825 1414 aves
852 1382 893 1413 et
919 1382 1061 1426 suopte
1086 1389 1248 1426 corpore
1275 1382 1413 1413 unctas

242 1443 470 1480 devorandi.
526 1442 599 1479 hoc
637 1444 807 1492 primum
848 1443 1020 1490 antiquis
1064 1453 1250 1477 cenarum
1294 1442 1414 1477 inter-

243 1507 358 1544 dictis
381 1512 595 1556 exceptum
618 1508 774 1543 invenio
794 1507 872 1541 iam
895 1504 983 1554 lege
1006 1504 1079 1541 Gai
1102 1504 1226 1540 Fanni
1247 1504 1414 1541 consulis

242 1571 428 1608 undecim
464 1573 574 1607 annis
610 1576 704 1606 ante
740 1572 905 1606 tertium
941 1567 1132 1605 Punicum
1168 1567 1329 1612 bellum,
1364 1581 1413 1604 ne

245 1635 339 1685 quid
356 1634 556 1672 volucrum
571 1639 787 1685 poneretur
801 1639 961 1684 praeter
976 1645 1095 1669 unam
1110 1632 1296 1682 gallinam
1312 1645 1414 1682 quae

244 1713 321 1735 non
348 1704 453 1735 esset
479 1698 610 1741 altilis,
636 1697 741 1748 quod
767 1697 911 1734 deinde
936 1702 1057 1747 caput
1081 1696 1319 1732 translatum
1343 1709 1414 1746 per

248 1776 384 1799 omnes
407 1762 515 1813 leges
538 1762 765 1799 ambulavit.
821 1764 1106 1810 inventumque
1128 1759 1414 1797 deverticulum

413 1849 424 1868 ¹
449 1850 567 1890 auguri
585 1859 681 1880 aures
698 1848 862 1889 Detlefsen
876 1860 883 1878 ι
914 1857 1011 1878 aures
1026 1850 1083 1877 aut
1099 1856 1253 1887 augures.

407 1956 422 1970 ‘¹
445 1951 587 1992 Odyssey
604 1951 631 1981 V
647 1952 698 1982 66.
864 1949 939 2024 1¹²6?
953 1959 1059 1990 genus
1075 1948 1110 1979 of
1126 1947 1200 1979 owl.

744 2000 753 2013 ί
778 2003 843 2026 Β.ο.
927 2016 934 2024 .

241 2050 312 2098 380
