1482 2312
130 231 191 261 162

132 476 192 506 163

136 1027 197 1057 164

411 121 577 160 PLINY
592 135 600 159 ε
651 121 914 159 NATURAL
950 120 1185 159 HISTORY

262 227 435 262 Anseres
452 227 492 261 in
510 238 614 274 aqua
630 230 790 268 coeunt,
808 226 969 274 pariunt
987 236 1078 260 vere
1097 229 1180 267 aut,
1198 225 1228 260 si
1246 223 1388 260 bruma

212 290 354 330 coiere,
381 292 470 336 post
490 286 716 329 solstitium,
738 298 784 322 xL
803 298 941 335 prope,
960 285 1020 321 bis
1042 297 1146 321 anno
1166 286 1197 320 si
1216 286 1388 334 priorem

212 347 340 384 fetum
364 347 534 398 gallinae
559 346 788 390 excludant,
813 346 888 383 alio
911 346 1081 396 plurima
1104 358 1179 382 ova
1201 345 1389 388 sedecim,

213 411 448 459 paucissima
471 414 639 458 septem.
695 410 725 443 si
748 410 834 457 quis
855 408 1063 457 subripiat,
1083 409 1243 456 pariunt
1263 405 1389 443 donec

212 476 457 520 rumpantur.
533 469 661 506 aliena
721 482 798 505 non
858 468 1088 505 excludunt.
1166 467 1391 504 incubanda

214 532 336 568 subici
373 530 623 568 utilissimum
660 543 804 566 novem
841 535 910 566 aut
947 529 1144 566 undecim.
1200 528 1390 565 incubant

214 591 386 629 feminae
418 598 576 628 tantum
608 594 767 628 tricenis
801 591 955 634 diebus,
986 593 1016 627 si
1049 603 1142 627 vero
1173 589 1390 640 tepidiores

214 656 306 697 sint,
340 666 424 690 xxv.
480 653 594 703 pullis
629 666 764 689 eorum
799 655 929 689 urtica
957 657 1144 688 contactu
1173 650 1391 695 mortifera,

215 728 287 752 nec
328 717 457 751 minus
508 714 689 758 aviditas,
731 727 834 750 nunc
877 715 1069 750 satietate
1113 715 1245 756 nimia,
1288 725 1391 748 nunc

215 782 372 813 suamet
400 778 450 819 vi,
483 775 641 825 quando
671 774 919 825 adprehensa
949 774 1080 810 radice
1112 787 1242 810 morsu
1271 786 1391 822 saepe

215 843 405 874 conantes
461 837 629 873 avellere
698 842 791 872 ante
847 836 946 872 colla
1011 849 1082 872 sua
1136 836 1391 884 abrumpunt.

216 905 354 936 contra
376 901 544 935 urticam
568 898 788 934 remedium
814 903 875 934 est
897 902 1119 933 stramento
1142 897 1192 932 ab
1214 896 1392 932 incubitu

217 961 377 997 subdita
395 960 506 997 radix
527 973 675 996 earum.

267 1021 529 1058 Ardeolarum
555 1023 632 1057 tria
657 1033 828 1071 genera:
872 1020 1026 1063 leucon,
1052 1022 1231 1062 asteriam,
1257 1017 1390 1068 pellos.

218 1083 256 1119 hi
278 1085 318 1119 in
339 1085 446 1120 coitu
469 1089 691 1133 anguntur:
728 1095 856 1118 mares
880 1081 1043 1131 quidem
1065 1094 1155 1117 cum
1176 1079 1394 1117 vociferatu

218 1147 453 1195 sanguinem
482 1147 604 1180 etiam
632 1157 679 1180 ex
709 1143 829 1180 oculis
857 1141 1126 1193 profundunt3
1167 1154 1240 1178 nec
1266 1143 1395 1178 minus

136 1211 198 1242 165
217 1219 336 1256 aegre
387 1208 547 1256 pariunt
598 1205 797 1255 gravidae.
865 1203 997 1254 aquila
1044 1205 1205 1240 tricenis
1255 1202 1395 1239 diebus

220 1268 395 1311 incubat,
425 1274 466 1304 et
495 1266 578 1303 fere
608 1268 776 1303 maiores
806 1265 934 1309 alites,
963 1266 1134 1301 minores
1164 1266 1322 1308 vicenis,
1352 1269 1396 1300 ut

220 1329 359 1366 milvus
384 1335 425 1366 et
449 1331 649 1378 accipiter.
706 1327 845 1363 milvus
869 1327 981 1363 binos
998 1326 1012 1348 1
1037 1325 1119 1363 fere
1143 1328 1261 1375 parit,
1285 1338 1396 1362 num-

220 1404 339 1440 quam
354 1389 440 1440 plus
456 1396 604 1433 ternos,
618 1392 648 1425 is
665 1391 729 1439 qui
746 1388 918 1438 aegolios
934 1393 1097 1424 vocatur
1112 1392 1153 1424 et
1168 1392 1396 1436 quaternos,

220 1465 357 1488 corvus
373 1451 585 1501 aliquando
601 1456 643 1487 et
659 1453 798 1500 quinos
812 1462 821 1492 ;
850 1450 1041 1486 incubant
1057 1448 1228 1485 totidem
1243 1448 1395 1484 diebus.

220 1516 415 1550 cornicem
465 1513 720 1549 incubantem
770 1524 854 1547 mas
892 1512 1030 1560 pascit.
1086 1512 1172 1560 pica
1211 1522 1397 1553 novenos,

221 1573 549 1624 melancoryphus
592 1587 710 1623 supra
762 1585 810 1609 xx
863 1574 981 1622 parit,
1023 1583 1181 1621 semper
1235 1583 1398 1607 numero

221 1638 361 1686 inpari,
377 1649 449 1672 nec
467 1635 541 1671 alia
557 1635 688 1685 plures
703 1647 711 1670 z
741 1639 856 1670 tanto
872 1632 1097 1669 fecunditas
1114 1634 1239 1668 maior
1255 1633 1394 1682 parvis.

538 1733 551 1751 ²
574 1732 715 1763 Gesner:
740 1731 914 1771 accipiter.
933 1730 1093 1770 singulos.

265 1857 279 1872 α
301 1853 408 1884 These
431 1862 487 1883 are
510 1851 568 1882 the
591 1854 693 1891 egret,
718 1849 777 1881 the
801 1850 928 1880 bittem
952 1850 1093 1885 (taurus,
1120 1848 1225 1887 §llffl
1249 1847 1317 1878 and
1340 1848 1399 1878 the

220 1896 448 1979 grffyplsssssszrgs
467 1937 525 1969 the
544 1936 674 1968 cole-tit,
693 1946 730 1967 or
749 1935 941 1971 mamb-tim
975 1943 1036 1965 our
1056 1933 1222 1974 blaokcap
1241 1934 1317 1974 lays
1334 1934 1397 1964 few

220 1991 308 2023 egga.

222 2043 292 2090 396
