1482 2312
118 788 177 819 138

116 1343 177 1375 139

118 1775 178 1807 140

399 186 587 224 PLINY:
642 188 902 224 NATURAL
940 187 1174 225 HISTORY

203 304 373 341 quanam
395 291 559 328 audiant
578 293 732 327 mirum.
787 290 893 327 idem
919 304 991 328 nec
1011 290 1178 327 olfactus
1203 293 1370 341 vestigia

204 352 365 396 habent,
416 366 505 389 cum
556 352 742 389 olfaciant
793 355 1054 403 sagacissime.
1116 355 1369 402 pinnatorum

203 414 429 450 animalium
450 415 595 451 buboni
618 420 776 450 tantum
798 420 838 450 et
860 420 926 450 oto
947 414 1105 464 plumae
1126 414 1234 450 velut
1255 416 1370 456 auris,

203 478 343 512 ceteris
371 489 561 512 cavernae
591 475 641 512 ad
669 476 871 518 auditum3
914 475 1028 512 simili
1058 475 1175 512 modo
1204 478 1369 525 squami-

202 540 305 587 geris
327 543 448 587 atque
478 538 739 587 serpentibus.
796 540 834 573 in
859 539 968 587 equis
992 543 1033 573 et
1056 539 1161 573 omni
1178 536 1192 559 1
1222 539 1367 573 iumen-

202 605 332 635 torum
369 612 515 649 genere
553 599 698 635 indicia
735 601 852 635 animi
892 598 1137 649 praeferunt,
1174 598 1370 635 marcidae

203 659 327 704 fessis,
355 663 547 697 micantes
576 660 740 710 pavidis,
769 661 978 697 subrectae
1007 659 1242 703 furentibus,
1271 672 1372 696 reso-

202 721 308 758 lutae
330 725 469 772 aegris.

253 783 318 820 LI.
350 784 484 820 Facies
514 783 660 820 homini
690 790 863 828 tantum,
892 786 1033 821 ceteris
1063 797 1104 821 os
1135 790 1204 820 aut
1233 790 1370 820 rostra.

202 844 306 882 frons
326 852 366 882 et
385 845 482 890 aliis,
501 846 570 882 sed
589 845 734 882 homini
753 851 912 882 tantum
930 848 1130 889 tristitiae,
1148 844 1371 889 hilaritatis,

201 907 451 951 clementiae,
467 910 689 944 severitatis
711 907 841 944 index.
891 909 929 943 in
952 919 1113 944 assensu
1135 909 1217 944 eius
1239 920 1369 957 super-

201 968 289 1005 cilia
303 968 450 1005 homini
466 975 508 1006 et
523 972 671 1019 pariter
687 975 728 1006 et
743 969 896 1005 alterna
911 968 1082 1013 mobilia,
1099 975 1141 1005 et
1155 971 1195 1005 in
1210 968 1268 1005 his
1283 982 1372 1019 pars

203 1034 343 1067 animi:
400 1031 457 1068 his
473 1031 488 1053 2
543 1045 748 1082 negamus,
790 1034 1010 1075 annuimus,
1052 1030 1148 1067 haec
1201 1033 1372 1067 maxime

203 1093 378 1129 indicant
426 1093 595 1137 fastum3
654 1094 837 1143 superbia
884 1093 1003 1130 aliubi
1050 1092 1372 1143 conceptaculum

203 1154 272 1191 sed
297 1154 359 1191 hic
385 1155 521 1192 sedem
546 1154 690 1192 habet:
730 1157 770 1191 in
795 1155 913 1192 corde
939 1157 1127 1198 nascitur,
1153 1154 1229 1191 huc
1255 1155 1373 1199 subit,

202 1215 264 1252 hic
285 1216 582 1266 pendet—nihil
599 1216 715 1253 altius
731 1216 844 1253 simul
862 1217 1146 1267 abruptiusque
1162 1219 1312 1253 invenit
1334 1218 1373 1252 in

202 1291 362 1328 corpore
385 1279 451 1315 ubi
474 1278 647 1315 solitaria
669 1284 786 1315 esset.

253 1339 342 1376 LII.
372 1339 586 1377 Subiacent
619 1340 733 1384 oculi,
767 1354 855 1391 pars
888 1343 1058 1390 corporis
1091 1342 1373 1391 pretiosissima

203 1407 245 1438 et
274 1415 376 1451 quae
408 1401 501 1438 lucis
532 1416 603 1438 usu
634 1405 756 1439 vitam
785 1402 1006 1453 distinguat
1035 1415 1059 1438 a
1087 1407 1227 1439 morte.
1296 1415 1373 1438 non

203 1464 382 1500 omnibus
402 1463 631 1500 animalium
649 1463 710 1500 hi:
744 1466 883 1501 ostreis
902 1463 1011 1507 nulli,
1030 1463 1266 1514 quibusdam
1283 1477 1371 1501 con—

201 1523 363 1561 charum
387 1525 518 1568 dubii;
556 1528 735 1575 pectines
760 1528 879 1570 enim,
903 1528 933 1562 si
959 1528 1044 1575 quis
1068 1525 1214 1576 digitos
1238 1525 1371 1562 adver-

204 1599 290 1623 sum
310 1586 465 1624 hiantes
486 1600 552 1624 eos
569 1593 740 1632 moveat,
757 1587 1044 1624 contrahuntur
1060 1593 1104 1624 ut
1120 1587 1314 1632 videntes,
1331 1593 1371 1624 et

202 1648 353 1686 solenes
387 1648 545 1700 fugiunt
578 1649 740 1686 admota
773 1649 1026 1687 ferramenta.
1083 1649 1372 1700 quadripedum

202 1709 318 1760 talpis
346 1713 447 1748 visus
475 1725 552 1748 non
580 1717 654 1755 est,
682 1711 883 1749 oculorum
910 1711 1058 1762 effigies
1085 1713 1202 1756 inest,
1228 1713 1259 1748 si
1287 1714 1372 1761 quis

201 1778 454 1822 praetentam
493 1772 680 1810 detrahat
719 1774 1003 1810 membranam.
1060 1779 1101 1810 et
1140 1775 1243 1810 inter
1281 1786 1371 1810 aves

480 1860 490 1878 ¹
514 1858 688 1898 Allayhoff:
714 1858 877 1889 omnium.

477 1902 488 1920 ‘²
512 1900 562 1931 his
578 1901 652 1932 add.
670 1900 839 1932 Raclcham
855 1901 907 1938 (iis
925 1900 1101 1940 Mayhoff).

241 2009 254 2023 ²¹
279 2004 494 2059 Onperhaps
518 2005 632 2036 tracks
655 2005 756 2047 along
779 2005 890 2036 which
914 2005 1009 2036 smell
1033 2015 1156 2046 passes,
1182 2004 1190 2016 ‘
1205 2004 1371 2046 smelh'ng-

196 2058 327 2088 organs.

202 2104 270 2150 518
