1482 2312
183 253 240 284 129

460 146 649 184 PLINY:
699 147 962 185 NATURAL
996 146 1232 185 HISTORY

316 249 421 286 LXI.
451 249 568 296 Quod
618 252 648 286 si
701 248 894 286 hactenus
943 255 1187 287 transcurrat
1239 253 1431 300 expositio

263 319 489 356 fraudatam
516 318 696 368 profecto
722 332 764 356 se
792 319 945 355 luxuria
973 319 1110 356 credat
1136 332 1286 370 nosque
1307 320 1432 358 indili-

263 391 425 438 gentiae
461 388 638 425 damnet.
695 389 953 438 quamobrem
989 402 1274 439 persequemur
1310 393 1432 427 etiam

261 459 448 502 officinas,
470 464 515 495 ut
536 464 745 508 tamquam
767 461 806 494 in
828 461 934 495 victu
957 458 1115 508 frugum
1138 462 1311 496 noscitur
1331 463 1432 497 ratio

263 531 316 565 sic
338 541 474 565 omnes
497 531 563 578 qui
585 531 669 565 istis
690 528 869 578 gaudent
891 530 931 563 in
947 528 962 551 1
982 531 1159 577 praemio
1175 528 1190 552 ²
1211 531 1316 566 vitae
1338 543 1432 567 suae

180 603 241 634 130
263 598 447 635 calleant.
501 597 739 635 concharum
778 597 829 634 ad
867 611 1058 647 purpuras
1097 604 1138 635 et
1178 597 1433 649 conchylia—

182 1444 237 1475 131

263 667 405 705 eadem
425 670 530 704 enim
551 674 609 704 est
630 670 812 711 materia,
832 667 900 704 sed
921 667 1044 704 distat
1062 674 1433 717 temperamento—-

262 738 341 774 duo
366 744 457 775 sunt
482 751 653 788 genera:
692 738 879 774 bucinum
904 741 1031 774 minor
1054 738 1203 775 concha
1227 739 1278 776 ad
1301 739 1433 776 simili-

262 808 444 845 tudinem
477 811 560 844 eius
592 821 670 858 qua
702 808 896 844 bucinae3
928 821 1046 844 sonus
1079 808 1223 852 editur,
1254 808 1360 845 unde
1391 815 1433 846 et

261 891 380 914 causa
409 877 608 921 nominis‚4
634 877 883 915 rotunditate
913 880 989 915 oris
1018 880 1058 914 in
1086 881 1265 928 margine
1293 881 1432 923 incisa;

262 948 433 985 alterurn
470 961 645 997 purpura
681 954 844 984 vocatur
878 947 1141 985 canaliculato
1176 955 1433 998 procurrente

263 1024 389 1054 rostro
425 1024 465 1055 et
499 1017 703 1054 canaliculi
738 1018 865 1054 latere
900 1021 1090 1055 introrsus
1124 1018 1322 1063 tubulato‚
1356 1033 1433 1070 qua

263 1087 488 1138 proferatur
517 1088 674 1138 lingua3
717 1094 927 1137 praeterea
954 1088 1154 1125 clavatum
1184 1094 1245 1126 est
1274 1088 1325 1126 ad
1352 1095 1434 1126 tur-

263 1158 397 1195 binem
419 1171 544 1207 usque
566 1158 712 1195 aculeis
733 1160 772 1194 in
793 1158 931 1195 orbem
952 1161 1127 1208 septenis
1149 1158 1246 1203 fere,
1268 1162 1333 1209 qui
1355 1172 1432 1196 non

263 1234 355 1265 sunt
372 1228 529 1271 bucino,
545 1228 616 1265 sed
632 1231 810 1278 utrisque
827 1228 941 1265 orbes
957 1228 1128 1265 totidem
1145 1234 1241 1278 quot
1258 1228 1433 1267 habeant

263 1312 398 1335 annos.
454 1299 641 1335 bucinum
678 1301 829 1335 nonnisi
866 1301 988 1348 petris
1024 1298 1217 1336 adhaeret
1251 1302 1433 1350 circaque

263 1369 442 1418 scopulos
467 1369 622 1418 legitur.

317 1439 519 1488 Purpurae
546 1442 705 1476 nomine
731 1439 807 1476 alio
833 1439 1014 1490 pelagiae
1040 1445 1242 1477 vocantur.
1297 1453 1433 1477 earum

263 1523 411 1560 genera
435 1510 547 1559 plura
570 1510 715 1559 pabulo
740 1516 780 1547 et
803 1510 885 1547 solo
907 1510 1100 1547 discreta:
1138 1510 1293 1548 lutense
1316 1517 1433 1560 putre

263 1580 356 1617 limo
372 1586 412 1617 et
426 1580 588 1630 algense
605 1583 800 1617 nutritum
814 1579 829 1603 5
845 1580 949 1630 alga,
962 1581 1191 1617 vilissimum
1205 1587 1431 1632 utrumque.

264 1650 404 1687 melius
442 1653 649 1687 taeniense
688 1653 726 1686 in
763 1653 906 1687 taeniis
945 1654 1062 1688 maris
1098 1651 1323 1693 collectum,
1360 1651 1433 1688 hoc

265 1733 423 1770 quoque
469 1726 607 1757 tamen
653 1723 873 1757 etiamnum
921 1720 1042 1757 levius
1088 1727 1211 1771 atque
1256 1721 1431 1758 dilutius.

263 1790 485 1827 calculense
507 1790 734 1840 appellatur
755 1804 774 1826 a
797 1791 948 1827 calculo
969 1790 1036 1827 inf'
1057 1794 1153 1828 mari
1175 1794 1273 1828 mire
1294 1798 1432 1840 aptum

263 1860 500 1910 conchyliis;
544 1867 584 1897 et
614 1860 730 1907 longe
761 1864 954 1910 optimum
986 1864 1167 1910 purpuris
1195 1861 1433 1906 dialutense,

387 1945 398 1964 ¹
421 1946 453 1976 in
471 1946 544 1976 add.
566 1945 724 1986 Mayhosf.
925 1946 937 1964 ²
960 1947 1013 1977 v.Z.
1032 1947 1191 1987 praemia.

385 1989 395 2005 ³
418 1988 607 2020 Racklzam:
634 1988 758 2020 bucini.
925 1989 937 2007 ⁴
961 1988 1116 2029 Mayhoff
1127 2001 1134 2021 :
1159 1989 1301 2020 nominj.

264 2060 332 2096 250
