1482 2312
410 139 598 178 PLINY:
648 142 910 179 NATURAL
945 141 1178 179 HISTORY

211 242 409 280 convoluti
435 242 625 293 frangunt
651 245 757 280 intus
784 249 906 294 atque
931 246 989 280 ita
1013 246 1221 294 putamina
1246 250 1378 282 extus-

211 307 331 347 siunt‚
359 310 428 341 aut
455 306 486 340 si
515 307 689 341 tenerior
717 310 778 342 est
805 305 944 342 catulis
973 304 1103 342 adhue
1132 311 1256 350 aetas,
1284 307 1378 343 orbe

212 365 460 415 adprehensa
484 368 612 416 spirae
637 368 694 403 ita
717 369 861 403 sensim
887 366 1224 417 vehementerque
1249 380 1380 417 praes-

211 430 392 477 tringunt
413 433 458 463 ut
480 433 689 477 amputata
708 433 823 478 parte
844 441 918 464 ceu
938 427 1042 465 ferro
1063 441 1084 465 e
1105 428 1257 479 reliqua
1278 442 1379 478 quae

212 488 398 538 amplexu
447 494 610 525 tenetur
659 490 857 526 sorbeant.
912 488 1027 526 simili
1077 489 1194 526 modo
1244 491 1379 527 avibus

211 550 408 586 devoratis
438 550 569 586 solidis
598 552 854 587 contentione
882 551 1058 601 plumam
1087 557 1129 588 et
1157 564 1244 587 ossa
1271 564 1378 587 revff

210 617 335 648 munt.

130 679 189 709 198
263 673 411 709 XCIII.
442 672 673 723 Scorpiones
708 679 815 710 terra
850 675 998 710 vivunt.
1052 679 1258 723 serpentes
1292 687 1380 711 cum

211 737 362 771 occasio
391 740 452 771 est
480 736 612 771 vinum
641 737 853 785 praecipue
882 735 1093 785 adpetunt,
1120 749 1209 772 cum
1238 735 1380 786 alioqui

211 798 356 846 exiguo
391 796 599 846 indigeant
628 802 749 846 potu;
784 796 951 833 eaedem
981 799 1142 833 minimo
1177 803 1219 834 et
1253 810 1380 847 paene

211 857 317 894 nullo
344 858 432 894 cibo
461 871 550 894 cum
579 857 839 895 adservantur
866 858 1063 902 inclusae3
1104 860 1219 895 sicuti
1248 861 1378 896 aranei

211 932 383 968 quoque,
412 919 555 969 alioqui
577 925 691 956 suctu
717 922 907 956 viventes.
965 919 1055 956 ideo
1075 919 1225 956 nullum
1245 922 1381 957 interit

212 979 316 1017 fame
343 986 413 1017 aut
439 983 503 1017 siti
530 986 794 1024 venenatum3
835 994 926 1017 nam
953 993 1083 1031 neque
1109 980 1214 1018 calor
1238 983 1283 1018 iis
1309 995 1381 1018 nec

211 1044 384 1092 sanguis,
423 1055 496 1079 nec
534 1042 666 1085 sudor,
700 1041 796 1092 qui1
831 1042 1064 1079 aviditatem
1099 1042 1266 1079 naturali
1301 1042 1380 1080 sale

211 1104 364 1154 auget.2
418 1105 456 1139 in
494 1117 572 1153 quo
608 1117 756 1153 genere
794 1106 926 1140 omnia
963 1106 1088 1154 magis
1133 1104 1308 1141 exitialia
1350 1106 1380 1141 si

129 1170 189 1201 199
213 1178 326 1201 suum
361 1178 487 1215 genus
523 1165 641 1201 edere
677 1170 893 1215 antequam
928 1171 1109 1202 noceant.
1174 1165 1308 1203 condit
1342 1168 1380 1202 in

211 1225 416 1263 thesauros
442 1226 689 1263 maxillarum
713 1227 845 1263 cibum
870 1226 1139 1276 sphingiorum
1165 1232 1207 1264 et
1231 1232 1380 1277 satyro-

211 1301 296 1324 rum
345 1301 485 1338 genus,
534 1302 623 1324 mox
675 1288 766 1325 inde
815 1290 959 1325 sensim
1008 1288 1058 1325 ad
1113 1288 1380 1325 mandendum

211 1350 392 1385 manibus
437 1352 729 1399 expromit—et
773 1349 879 1399 quod
923 1349 1094 1386 formicis
1137 1352 1176 1386 in
1220 1363 1381 1394 annum,

211 1410 399 1447 sollemne
432 1417 492 1447 est
523 1410 581 1447 his
612 1414 650 1447 in
682 1411 766 1447 dies
801 1411 862 1448 vel
898 1410 1024 1448 horas.
1080 1425 1202 1448 unum
1237 1411 1379 1448 animal

211 1472 356 1522 digitos
383 1471 616 1509 habentium
637 1472 761 1509 herba
781 1472 899 1509 alitur
919 1472 1052 1523 lepus3
1096 1472 1172 1509 ea³
1200 1478 1241 1509 et
1267 1472 1381 1524 fruge

211 1533 461 1584 solidipedes,
478 1540 520 1570 et
537 1547 557 1570 e
571 1533 727 1570 bisulcis
744 1547 833 1570 sues
849 1536 954 1570 omni
968 1535 1102 1571 cibatu
1116 1540 1157 1571 et
1172 1534 1379 1571 radicibus.

211 1594 473 1645 solidipedum
495 1595 688 1632 volutatio
711 1598 878 1646 propria.
935 1601 1174 1633 serratorum
1199 1595 1379 1633 dentium

210 1659 411 1693 carnivora
436 1663 527 1693 sunt
552 1659 694 1693 onmia.
750 1659 827 1693 ursi
853 1662 894 1694 et
918 1656 1046 1707 fruge,
1070 1656 1223 1701 fronde,
1248 1657 1379 1694 vinde-

211 1720 303 1761 mia,
318 1721 442 1768 pomis
459 1721 595 1755 vivunt
611 1725 651 1755 et
668 1719 821 1768 apibus,
836 1721 984 1755 cancris
1000 1721 1121 1755 etiarn
1137 1732 1182 1755 ac
1197 1718 1378 1756 formicis.

126 1783 190 1815 200
214 1778 308 1829 lupi,
346 1785 391 1816 ut
428 1780 612 1823 diximus,
651 1786 693 1816 et
733 1785 841 1816 terra
876 1782 916 1816 in
954 1779 1070 1817 fame.
1125 1793 1244 1830 pecus
1282 1786 1379 1830 potu

343 1866 353 1884 ¹
379 1866 568 1897 Rackham:
599 1876 696 1906 quae.
862 1865 874 1883 ²
897 1865 1085 1897 Raclcham:
1111 1869 1246 1906 augent.

613 1909 626 1926 ³
649 1919 689 1939 ea
708 1908 862 1947 Maylhoff
873 1921 880 1939 ε
905 1908 974 1939 sed.

703 2014 717 2028 ⁰
741 2010 825 2040 VIII
847 2012 897 2042 83.

210 2058 278 2094 418
