1482 2312
413 99 578 137 PLINY
593 113 602 137 :
652 100 689 137 N
691 99 915 137 ATURAL
951 98 1187 137 HISTORY

219 207 358 238 ventos
383 207 424 238 et
448 201 610 238 odorem
633 207 845 251 captantes
869 200 1238 250 protendentesque
1261 205 1390 238 rostra

217 270 268 308 ad
290 270 446 307 cubilia.

136 344 197 375 148
268 339 301 375 Ε
318 339 486 389 tigribus
506 352 571 376 eos
592 338 678 375 Indi
698 338 836 375 volunt
854 340 1021 387 concipi,
1040 343 1081 375 et
1100 338 1151 374 ob
1169 337 1210 374 id
1227 340 1267 374 in
1284 337 1389 375 silvis

217 410 343 444 coitus
367 414 548 457 tempore
573 407 741 457 alligant
765 407 945 444 feminas.
999 409 1126 456 primo
1151 412 1193 443 et
1216 407 1389 443 secundo

218 476 305 513 fetu
330 480 443 513 nimis
467 476 619 513 feroces
644 481 790 525 putant
813 478 938 526 gigni,
961 478 1084 512 tertio
1108 475 1270 512 demum
1295 475 1390 512 edu-

216 551 322 582 cant.
377 545 449 582 hoc
473 545 578 582 idem
604 558 625 582 e
648 545 749 594 lupis
774 544 895 588 Galli,
919 558 1086 594 quorum
1109 557 1252 595 greges
1275 557 1389 581 suum

218 617 385 663 quisque
421 614 627 650 ductorem
665 627 687 650 e
723 614 887 650 canibus
904 613 918 636 1
957 619 998 649 et
1035 613 1178 650 ducem
1214 612 1388 650 habent:

215 683 326 719 illum
342 686 381 718 in
397 688 545 719 venatu
559 685 815 726 comitantur,
829 681 885 718 illi
901 687 1067 731 parent3
1096 695 1270 731 namque
1285 684 1390 718 inter

217 765 258 789 se
296 757 484 788 exercent
521 754 644 788 etiam
680 753 923 801 magisteria.
987 756 1144 788 certum
1180 756 1241 787 est
1276 753 1390 788 iuxta

218 820 351 856 Nilum
381 833 540 857 amnem
569 825 774 856 currentes
802 819 995 863 lambere,
1025 833 1075 856 ne
1105 819 1389 857 crocodilorum

135 895 196 925 149
215 889 395 926 aviditati
443 892 691 926 occasionem
738 889 973 938 praebeant.
1030 889 1186 926 Indiam
1233 892 1389 938 petenti

217 958 445 995 Alexandro
498 958 649 1008 Magno
700 971 769 994 rex
820 958 1017 994 Albaniae
1067 958 1171 994 dono
1220 957 1389 995 dederat

217 1030 432 1064 inusitatae
465 1027 750 1077 magnitudinis
783 1040 921 1070 unum,
953 1029 1062 1064 cuius
1095 1029 1227 1076 specie
1259 1026 1390 1064 delec-

216 1101 325 1132 tatus
345 1099 457 1133 iussit
475 1109 598 1140 ursos,
617 1109 709 1133 mox
728 1109 843 1146 apros
863 1101 904 1133 et
923 1095 1068 1133 deinde
1087 1095 1225 1133 damas
1244 1099 1389 1140 emitti,

215 1170 450 1214 contemptu
477 1165 654 1202 inmobili
682 1168 841 1202 iacente
869 1177 938 1208 eo3
981 1178 1060 1215 qua
1086 1167 1258 1215 segnitia
1283 1167 1389 1202 tanti

215 1236 386 1283 corporis
406 1233 576 1271 offensus
596 1237 814 1283 imperator
832 1237 1014 1284 generosi
1035 1236 1194 1283 spiritus
1214 1236 1388 1271 interimi

216 1315 307 1339 eum
326 1305 449 1339 iussit.
504 1306 703 1339 nuntiavit
721 1302 794 1340 hoc
814 1302 921 1339 fama
934 1305 1042 1353 regi3
1061 1305 1199 1353 itaque
1217 1302 1389 1340 alterum

215 1374 380 1408 mittens
401 1371 554 1408 addidit
576 1371 769 1408 mandata
789 1385 839 1408 ne
861 1375 901 1408 in
922 1374 1052 1421 parvis
1075 1374 1245 1422 experiri
1266 1372 1388 1409 vellet

216 1440 285 1477 sed
323 1443 362 1476 in
401 1440 515 1477 leone
554 1440 842 1490 elephantove3
895 1440 992 1478 duos
1030 1441 1103 1478 sibi
1142 1440 1277 1485 fuisse,
1314 1440 1387 1478 hoc

133 1514 194 1545 150
214 1511 455 1558 interempto
502 1516 714 1559 praeterea
760 1510 912 1546 nullum
960 1509 1056 1547 fore.
1112 1523 1184 1547 nec
1232 1510 1387 1547 distulit

215 1577 458 1622 Alexander,
472 1578 709 1629 leonemque
724 1578 896 1615 fractum
911 1582 1091 1628 protinus
1107 1579 1216 1616 vidit.
1246 1585 1388 1629 postea

215 1646 473 1696 elephantum
493 1650 605 1685 iussit
625 1648 771 1692 induci,
790 1647 899 1685 haud
917 1648 994 1685 alio
1013 1651 1139 1698 magis
1159 1648 1387 1698 spectaculo

213 1715 409 1753 laetatus:
445 1716 695 1754 horrentibus
717 1719 864 1767 quippe
884 1717 984 1754 villis
1003 1730 1076 1767 per
1094 1722 1226 1754 totum
1245 1730 1385 1767 corpus

214 1787 366 1834 ingenti
417 1788 588 1834 primum
634 1785 784 1823 latratu
832 1789 1020 1830 intonuit,
1067 1800 1159 1823 mox
1207 1789 1355 1836 ingruit
1371 1786 1386 1809 ²

444 1887 456 1906 ¹
479 1888 511 1927 [e
526 1887 682 1928 canibus]
695 1890 707 1919 ‘2
724 1888 901 1920 Rackham.

443 1930 454 1947 ²
478 1930 679 1962 Gronovius:
703 1930 849 1962 increvit
864 1935 921 1962 aut
934 1930 971 1962 in
987 1931 1163 1963 cervicem.

216 2011 281 2043 104
