1482 2312
156 615 217 646 109

158 1354 219 1385 110

159 1722 217 1752 lll

443 137 608 175 PLINY
623 150 632 174 ι
681 136 943 174 NATURAL
978 135 1213 173 HISTORY

244 241 338 279 chas
356 255 401 278 ac
419 254 489 291 pro
507 242 642 278 ieiunii
659 239 777 277 modo
795 242 942 282 minui3
973 241 1004 276 si
1023 252 1115 275 vero
1134 241 1256 276 etiam
1274 244 1413 276 tonue-

246 306 311 347 rit,
324 302 487 352 pavidas
501 315 546 339 ac
559 307 727 351 repente
740 313 984 350 compressas
999 313 1102 350 quae
1116 306 1258 337 vocant
1272 299 1414 350 physe-

247 370 356 401 mata
372 364 540 407 efficere,
552 365 684 413 specie
700 362 817 399 modo
831 365 938 398 inani
954 361 1111 399 inflatas
1127 364 1211 398 sine
1231 374 1414 411 corpore3

246 425 316 462 hos
350 439 435 462 esse
467 424 705 462 concharum
738 424 912 460 abortus.
967 425 1050 460 sani
1085 422 1246 472 quidem
1278 428 1415 472 partus

245 486 451 536 multiplici
484 491 669 523 constant
701 491 808 529 cute,
840 498 919 521 non
951 487 1164 534 improprie
1194 483 1340 521 callum
1371 489 1415 520 ut

247 550 464 585 existimari
501 550 673 596 corporis
710 549 856 596 possit;
907 548 1045 596 itaque
1084 551 1358 595 expurgantur
1394 558 1416 581 a

243 612 393 659 peritis.
449 612 567 645 miror
592 611 676 658 ipso
701 614 862 645 tantum
889 620 955 644 eas
981 606 1093 644 caelo
1118 606 1309 657 gaudere,
1335 606 1416 643 sole

246 671 456 708 rubescere
470 670 764 719 candoremque
778 668 946 718 perdere
961 674 1006 705 ut
1020 681 1160 718 corpus
1175 667 1394 704 humanum
1407 680 1416 711 ;

248 745 370 782 quare
387 735 645 782 praecipuum
664 731 893 768 custodiunt
911 730 1109 780 pelagiae,
1127 729 1245 766 altius
1264 742 1417 766 mersae

249 807 368 844 quam
394 800 439 831 ut
464 799 679 843 penetrent
706 792 823 835 radii3
860 792 1078 829 flavescunt
1102 797 1241 828 tamen
1267 797 1308 828 et
1326 791 1418 828 illae

247 861 410 893 senecta
447 858 635 905 rugisque
672 860 920 904 torpescunt,
958 866 1030 890 nec
1068 856 1141 890 nisi
1179 855 1219 889 in
1257 855 1417 890 iuventa

246 923 404 954 constat
423 917 489 954 ille
510 919 576 966 qui
597 919 802 966 quaeritur
821 914 962 966 vigor.l
1023 920 1270 952 crassescunt
1296 917 1418 951 etiam

248 982 287 1015 in
319 985 483 1016 senecta
510 977 749 1028 conchisque
779 977 1084 1020 adhaerescunt,
1114 989 1186 1013 nec
1215 975 1274 1012 his
1303 975 1418 1013 evelli

249 1046 402 1090 queunt
418 1043 490 1077 nisi
512 1039 617 1077 lima.
667 1039 809 1089 quibus
826 1052 905 1075 una
919 1044 1081 1075 tantum
1098 1044 1157 1075 est
1173 1037 1294 1074 facies
1311 1043 1352 1074 et
1368 1037 1418 1074 ab

249 1115 296 1139 ea
334 1101 572 1145 rotunditas,
613 1104 758 1138 aversis
799 1100 1001 1150 planities,
1041 1100 1092 1136 ob
1132 1099 1172 1136 id
1211 1101 1418 1149 tympania

248 1166 525 1206 nominantur3
560 1162 822 1200 cohaerentes
853 1161 1050 1199 vidimus²
1076 1163 1116 1197 in
1145 1160 1317 1204 conchis,
1345 1159 1418 1197 hac

247 1225 342 1263 dote
381 1230 588 1275 unguenta
627 1223 1010 1261 circumferentibus.
1065 1228 1200 1260 cetero
1238 1225 1278 1258 in
1315 1235 1418 1272 aqua

248 1287 375 1324 mollis
396 1289 502 1330 unio,
527 1292 738 1335 exemptus
763 1288 943 1335 protinus
968 1285 1155 1322 durescit.

297 1348 378 1385 LV.
411 1347 570 1385 Concha
590 1350 674 1397 ipsa
687 1361 777 1384 cum
797 1360 961 1384 manum
977 1346 1074 1383 vidit
1087 1348 1311 1395 comprimit
1331 1358 1418 1382 sese

247 1413 457 1459 operitque
495 1423 589 1459 opes
628 1422 717 1446 suas
755 1421 880 1459 gnara
916 1414 1081 1458 propter
1115 1407 1203 1444 illas
1241 1420 1283 1444 se
1320 1409 1418 1456 peti,

247 1484 503 1521 manumque,
536 1474 567 1508 si
599 1473 847 1520 praeveniat,
879 1472 964 1507 acie
996 1482 1067 1506 sua
1099 1468 1279 1506 abscidat
1311 1467 1419 1504 nulla

247 1536 409 1570 iustiore
426 1545 569 1582 poena,
587 1538 628 1569 et
645 1532 730 1568 aliis
748 1534 901 1568 munita
918 1530 1132 1580 suppliciis,
1150 1533 1297 1580 quippe
1314 1532 1419 1566 inter

247 1594 426 1644 scopulos
457 1597 582 1630 maior
611 1607 700 1643 pars
732 1595 944 1636 invenitur,
975 1591 1046 1629 sed
1076 1594 1116 1628 in
1146 1591 1228 1628 alto
1260 1604 1418 1641 quoque

247 1655 561 1692 comitantibus³
596 1657 756 1691 marinis
790 1654 977 1697 canibus3
1025 1666 1098 1690 nec
1132 1659 1270 1690 tamen
1305 1665 1419 1689 aures

246 1716 483 1754 feminarum
521 1722 717 1753 arcentur.
773 1715 936 1766 quidam
960 1714 1127 1752 tradunt
1152 1717 1253 1751 sicut
1279 1714 1418 1763 apibus

352 1820 365 1839 1
387 1819 444 1850 An
460 1818 576 1850 nitor?
595 1818 635 1849 M
637 1817 757 1858 aylzoff.
905 1817 917 1836 ²
940 1816 1139 1847 Hardouin:
1164 1815 1331 1847 videmus.

610 1861 623 1879 ³
648 1859 804 1901 Mayhoff
816 1872 823 1891 z
848 1859 1067 1891 comit-antur.

710 1988 724 2001 ο
746 1978 805 2012 Le.
825 1978 955 2011 sharks.

246 2052 316 2101 236
