1482 2312
154 635 215 666 182

156 1020 216 1051 183

158 1340 218 1371 184

435 140 601 178 PLINY
614 154 623 178 2
673 140 936 178 NATURAL
972 141 1206 179 HISTORY

236 245 406 282 domitas
421 245 632 294 sexaginta
646 243 786 280 diebus
803 245 939 293 equire
956 249 1050 281 ante
1067 257 1186 294 quam
1202 244 1409 295 gregales3

236 323 325 346 sues
345 314 504 345 tantum
523 310 564 343 in
579 307 594 330 1
614 309 722 344 coitu
741 320 922 357 spumam
943 321 1009 344 ore
1029 307 1219 352 fundere3
1253 322 1409 346 verrem

237 374 415 410 subantis
430 372 567 408 audita
582 384 691 415 voce,
706 373 745 407 ni
761 371 1013 416 admittatur,
1028 372 1160 408 cibum
1175 385 1254 409 non
1268 385 1411 423 capere

237 449 362 487 usque
386 438 426 472 in
449 438 632 479 maciem,
656 434 823 471 feminas
848 441 986 472 autem
1010 437 1051 471 in
1074 441 1233 472 tantum
1259 435 1412 473 efferari

237 507 283 538 ut
334 500 534 537 homiuem
585 499 802 542 lancinent,
855 499 1026 536 candida
1076 502 1249 537 maxime
1301 506 1412 537 veste

238 565 433 601 indutum.
489 564 617 600 rabies
635 576 683 599 ea
699 568 814 599 aceto
830 565 1039 613 mitigatur
1056 569 1222 601 naturae
1240 577 1410 614 asperso.

240 629 406 665 aviditas
424 630 550 664 coitus
568 633 734 677 putatur
753 633 795 663 et
826 627 921 663 cibis
945 627 1043 671 fieri,
1062 630 1164 664 sicut
1182 630 1263 664 viro
1282 641 1412 672 eruca,

238 695 368 743 pecori
396 705 530 742 caepa.
587 704 689 741 quae
719 704 767 727 ex
796 690 890 727 feris
918 693 1154 742 mitigentur
1182 705 1260 729 non
1287 694 1413 729 conci·

237 770 346 808 pere,
367 762 413 793 ut
439 769 611 799 anseres,
633 769 747 805 apros
769 768 861 792 vero
882 755 998 792 tarde
1020 761 1061 792 et
1083 769 1217 793 cervos
1246 769 1319 793 nec
1341 759 1412 793 nisi

239 822 288 858 ab
336 820 504 857 infantia
552 819 741 856 educatos
798 821 940 856 mirum
995 825 1068 856 est.
1124 820 1414 870 quadripedum

239 890 506 936 praegnantes
523 897 710 920 venerem
727 889 865 920 arcent
880 889 1042 933 praeter
1059 897 1204 934 equam
1222 890 1264 921 et
1280 897 1391 921 suem
1405 896 1414 928 3

239 949 308 986 sed
328 948 578 999 superfetant
599 948 772 998 dasypus
793 953 833 984 et
853 947 966 998 lepus
985 953 1157 984 tantum.

293 1012 512 1050 LXXXIV.
542 1012 829 1062 Quaecumque
858 1011 1003 1048 animal
1030 1015 1190 1062 pariunt
1216 1014 1256 1048 in
1283 1015 1415 1063 capita

239 1080 410 1128 gignunt
437 1079 676 1113 circumacto
705 1076 790 1112 fetu
820 1077 892 1112 sub
921 1078 1083 1112 enixum
1111 1076 1205 1113 alias
1233 1079 1273 1113 in
1301 1083 1415 1114 utero

240 1147 433 1192 porrecto.
490 1140 756 1191 quadripedes
781 1146 992 1190 gestantur
1017 1143 1193 1177 extensis
1218 1141 1269 1177 ad
1292 1141 1416 1192 longi—

240 1206 421 1242 tudinem
441 1206 618 1242 cruribus
640 1210 681 1241 et
702 1205 752 1241 ad
774 1204 905 1241 alvum
926 1218 1037 1241 suam
1058 1205 1278 1255 applicatis,
1298 1204 1416 1242 homo

239 1273 278 1306 in
304 1275 433 1307 semet
457 1269 717 1319 conglobatus
743 1271 848 1305 inter
872 1268 951 1305 duo
976 1281 1109 1319 genua
1133 1270 1292 1306 naribus
1317 1272 1414 1306 sitis.

241 1334 378 1378 molas,
411 1333 461 1370 de
496 1334 638 1383 quibus
680 1339 773 1369 aute
808 1333 993 1377 diximus,
1026 1335 1135 1383 gigni
1170 1339 1315 1383 putant
1348 1334 1415 1370 ubi

240 1398 381 1435 mulier
414 1411 491 1434 non
526 1411 574 1434 ex
609 1410 717 1434 mare
753 1410 889 1433 verum
924 1410 973 1433 ex
1008 1399 1224 1447 semetipsa
1256 1403 1416 1434 tantum

240 1464 490 1512 conceperit;
522 1461 611 1498 ideo
631 1475 702 1498 nec
721 1463 884 1497 animari
904 1463 997 1511 quia
1014 1474 1092 1498 non
1110 1463 1160 1498 sit
1180 1474 1228 1498 ex
1248 1461 1415 1507 duobus,

242 1526 500 1575 altricemque
534 1525 681 1561 habere
714 1538 785 1575 per
817 1539 858 1562 se
891 1528 1014 1561 vitam
1045 1525 1151 1561 illam
1185 1538 1287 1575 quae
1320 1528 1415 1563 satis

241 1591 525 1640 arboribusque
570 1592 788 1639 contingat.
865 1603 913 1626 ex
959 1590 1140 1625 omnibus
1185 1603 1287 1639 quae
1328 1603 1416 1640 per-

240 1653 366 1690 fectos
414 1653 519 1690 fetus
570 1666 659 1690 sues
700 1659 860 1689 tantum
910 1658 951 1690 et
998 1666 1227 1690 numerosos
1277 1653 1416 1699 edunt,

646 1764 657 1783 ¹
682 1764 715 1794 in
732 1764 805 1795 add.
821 1765 836 1794 :⁹
854 1763 1015 1804 Mayhoff.

283 1921 298 1936 ⁶
320 1916 391 1948 The
410 1916 629 1957 eye-cavities
648 1916 683 1946 in
703 1916 762 1947 the
782 1915 910 1946 human
930 1916 1004 1946 face
1024 1925 1109 1946 were
1129 1916 1298 1957 supposed
1318 1919 1354 1949 to
1375 1917 1416 1948 be

238 1959 383 2032 οτῗῆξῖἱὶῐ
394 1959 439 2033 Ιέἔ
458 1959 517 1990 the
535 1969 688 1999 pressure
706 1959 742 1990 of
759 1959 818 1990 the
837 1958 939 1989 knees
956 1959 991 1989 in
1009 1958 1068 1989 the
1086 1960 1208 1991 womb.

240 2064 311 2109 408
